3656 5444
299 374 341 437 92
507 463 511 470 ἡ
895 372 944 442 Π,
961 375 996 431 36
1015 375 1049 430 at

298 551 399 626 diana,
427 551 484 614 nisi
506 551 637 632 quadiu
659 552 706 614 bis
727 556 841 634 imperti
860 552 1048 618 scribendum
1071 565 1129 630 est;
1157 571 1226 618 nam
1249 556 1326 617 inter
1348 577 1363 618 s
1385 560 1448 619 etl
1469 557 1567 620 hiatus
1588 577 1654 620 una

297 655 394 718 littera
416 673 476 717 non
498 655 568 718 satis
590 656 732 737 expletur.
768 656 828 718 Nec
850 674 1026 742 magnopere
1048 657 1169 720 ollendit
1190 660 1341 739 genetivus
1363 659 1518 740 singularis
1541 680 1656 725 secun-

299 761 351 823 dae
385 759 585 822 declinationis
615 758 656 821 ita
687 760 744 822 boc
777 758 838 822 solo
870 759 934 822 loco
967 761 998 822 in
1031 765 1069 822 -r'e'
1092 761 1212 837 finiens,
1248 782 1316 824 cum
1344 772 1458 826 constet
1490 784 1523 827 ea
1555 774 1652 827 aetate

299 872 454 942 utramque
485 863 721 944 orthographiam
755 864 786 925 in
821 881 878 925 usu
907 863 998 927 luisse
1032 873 1062 926 et
1090 865 1178 928 etiam
1206 865 1237 928 in
1263 867 1393 929 ablativis
1421 867 1541 950 pluralis
1569 869 1654 930 eius-

298 967 364 1029 dem
393 965 595 1029 declinationis
624 985 677 1047 pro
707 967 793 1029 solito
820 971 861 1030 -is
893 975 939 1030 ter
970 977 1108 1048 quaterve
1139 969 1302 1051 reperiatur
1335 975 1394 1033 -a'e's
1439 971 1653 1053 Supplementa

298 1081 397 1134 autem
422 1071 551 1150 pendent
580 1088 597 1130 a
622 1071 807 1150 quaestione,
834 1091 892 1152 quo
918 1071 983 1134 iure
1008 1071 1096 1135 editio
1118 1071 1255 1135 ludorum
1278 1074 1470 1137 saecularium
1498 1078 1574 1137 lacta
1601 1073 1651 1136 sit.

298 1175 369 1237 Eam
392 1173 603 1236 liirschleldius
631 1182 766 1254 repetens
789 1193 805 1235 a
827 1175 982 1237 tribunicia
1004 1184 1148 1257 potestate
1170 1196 1204 1237 eo
1227 1176 1316 1238 trabit
1337 1177 1424 1240 rerba
1449 1181 1565 1258 imperii
1589 1178 1651 1240 col-

299 1282 361 1360 lepa
389 1279 470 1359 (nam
501 1277 541 1339 ita
571 1277 676 1356 iungit)
700 1277 737 1339 M.
754 1277 891 1360 sauppe,
918 1279 1005 1340 ninus
1026 1279 1199 1360 praesertim
1222 1300 1256 1342 eo
1279 1280 1356 1359 quod
1378 1283 1409 1343 in
1432 1291 1552 1344 senatus
1575 1301 1652 1344 con-

299 1385 376 1447 sulto
398 1383 433 1445 de
455 1381 502 1444 bis
523 1379 600 1441 ludis
622 1380 742 1442 edendis
764 1383 840 1444 lacto
862 1381 906 1462 (C.
922 1382 944 1442 1.
961 1383 992 1443 L.
1009 1383 1054 1457 Vl,
1070 1383 1181 1460 statii
1203 1383 1341 1446 dicuntur
1359 1385 1451 1447 futuri
1474 1405 1538 1448 esse
1555 1387 1650 1464 [edea-

298 1490 373 1551 libas
399 1490 464 1567 imp.
489 1484 613 1566 despecto
642 1483 680 1544 M
702 1482 834 1565 Apre'plpo
856 1485 1034 1566 tralucidae)
1057 1497 1192 1567 potestate
1201 1487 1224 1564 ¹)
1248 1490 1296 1565 (cl.
1320 1487 1497 1551 Censorinus
1521 1491 1570 1562 17,
1596 1491 1649 1550 11:

299 1596 413 1674 palntes
440 1591 523 1652 ludos
636 1589 740 1653 Caesar
765 1587 907 1670 Augustas
933 1600 959 1651 et
986 1589 1111 1670 Aprippo
1135 1589 1288 1671 fecerunt).
1340 1593 1396 1654 Sed
1418 1592 1445 1653 ei
1467 1593 1651 1656 coniecturae

299 1696 418 1758 obstant
440 1691 625 1774 gravissimae
647 1690 852 1753 dubitationes.
889 1691 1090 1774 Transpositio
1113 1692 1238 1772 genetivi
1260 1713 1275 1755 a
1298 1695 1511 1758 consuetudine
1525 1699 1648 1779 Augusti

299 1797 505 1881 proprietatem
533 1804 563 1858 et
585 1794 800 1875 simplicitatem
824 1795 968 1858 sermonis
990 1797 1035 1858 vel
1057 1797 1183 1858 maxime
1205 1799 1298 1859 secuti
1320 1797 1405 1878 plane
1427 1800 1574 1874 abhorret,
1596 1821 1650 1864 ne-

299 1923 356 1984 que
378 1901 413 1964 ad
437 1919 582 1963 summam
606 1907 779 1980 potestatem
796 1898 1013 1978 significandam
1029 1900 1179 1980 Augustos
1195 1900 1335 1963 vocabulo
1356 1901 1472 1983 imperii
1487 1904 1547 1967 ullo
1563 1907 1649 1968 modo

299 2007 344 2071 uti
365 2004 462 2088 potuit
483 2013 513 2066 et
534 2002 627 2065 multo
650 2003 748 2064 minus
770 2002 801 2064 in
824 2003 912 2064 rebus
935 2003 1023 2090 sacris
1045 2012 1076 2064 et
1097 2003 1226 2066 urbanis.
1252 2004 1312 2066 Neo
1333 2005 1433 2068 minus
1454 2027 1543 2088 quam
1564 2028 1650 2071 voca-

300 2111 368 2172 bula
395 2128 442 2171 res
469 2108 631 2170 offendunt.
674 2105 826 2168 Ludorum
854 2107 1045 2169 saecularium
1075 2106 1233 2170 editionem
1263 2108 1327 2171 iure
1350 2119 1497 2192 spectasse
1523 2111 1559 2173 ad
1589 2112 1650 2173 col-

299 2215 408 2294 legium
439 2209 704 2292 quindecimvirum
735 2228 796 2271 non
828 2209 924 2273 solum
958 2209 1021 2272 aliis
1055 2209 1231 2274 testimoniis
1257 2212 1393 2293 plurimis
1422 2215 1649 2294 certissimisque

303 2325 426 2390 constat,
449 2315 500 2377 sed
523 2314 559 2376 de
579 2313 651 2396 ipsis
674 2312 877 2376 [eliserat
900 2312 1051 2376 celebratis
1075 2332 1109 2375 eo
1131 2315 1359 2392 demonstratur,
1382 2319 1461 2397 quod
1480 2317 1509 2379 iu
1526 2337 1648 2381 nummo

301 2420 333 2481 L.
354 2417 485 2481 Mescinii
514 2418 581 2480 llud
611 2417 724 2498 (doben
750 2417 823 2496 Aug.
844 2416 919 2495 461)
949 2416 984 2478 ad
1012 2415 1131 2497 cippum
1152 2418 1328 2500 inscriptum
1350 2420 1650 2502 imp.Coes(ar)1lu·

298 2523 423 2606 Maestae)
450 2522 557 2602 taeitos)
584 2521 757 2606 saeelulares
781 2520 842 2582 scil.
861 2522 939 2600 fecit)
975 2520 1111 2601 bipertito
1138 2522 1316 2605 adscriptum
1344 2533 1388 2586 est
1414 2543 1565 2600 xv·s·s,
1592 2525 1651 2587 sire

300 2645 368 2688 cum
390 2625 528 2688 Eckbelio
550 2625 593 2706 (6,
610 2624 682 2701 102)
704 2624 735 2685 id
757 2623 792 2685 ad
815 2622 968 2703 collegium
990 2628 1082 2687 relers
1101 2626 1199 2706 legens
1219 2626 1348 2707 emotae)
1371 2625 1440 2702 sive,
1462 2629 1543 2708 quod
1558 2628 1650 2708 magis

300 2730 458 2813 probarim,
482 2747 549 2792 cum
569 2727 718 2790 Cbisbullo
740 2727 775 2789 ad
797 2727 896 2806 ipsum
910 2728 1074 2807 Augustum
1097 2729 1196 2809 legens
1214 2729 1340 2810 πνοήν).
1377 2731 1566 2795 Demonstrat
1586 2750 1650 2793 rem

300 2834 371 2896 item
393 2833 473 2914 quod
495 2831 694 2913 subscriptum
717 2839 762 2893 est
784 2832 866 2893 lastis
888 2829 1103 2912 Capitolinis¹):

503 2937 567 2998 ludi
585 2934 744 2998 saeculares
766 2940 869 3016 garbae.

600 3044 668 3120 imp.
688 3040 806 3104 Caesare
829 3039 887 3102 aet
904 3040 928 3118 f.
944 3037 1069 3119 Augusto

603 3143 634 3205 d.
651 3143 746 3204 Seruio
771 3141 799 3204 G.
815 3144 840 3222 f.
858 3141 888 3204 0.
903 3163 931 3204 a.
947 3141 1105 3204 Saturnino

599 3246 638 3308 M
655 3245 775 3309 Claudia
796 3246 835 3308 M.
848 3247 874 3327 s.
889 3245 928 3307 M.
942 3265 972 3307 a.
991 3245 1127 3307 Marcello

601 3350 639 3412 M.
656 3349 738 3431 Fufio
759 3349 799 3410 M.
814 3351 837 3429 s.
996 3347 1126 3427 stupae

600 3453 636 3515 ll.
652 3452 745 3514 Laelio
767 3452 804 3515 ll.
818 3455 843 3533 s.
858 3452 893 3515 ll.
909 3472 938 3514 a.
954 3452 1052 3514 balbo.

303 3558 360 3621 Sed
382 3567 450 3620 ante
472 3556 570 3620 omnia
592 3557 653 3639 ipsa
674 3556 777 3618 indicis
797 3557 885 3618 rerba
899 3574 1019 3619 omnem
1035 3555 1247 3619 dubitationem
1261 3556 1468 3636 praecludunt‚·
1489 3573 1559 3616 nam
1573 3557 1651 3636 quod

301 3661 343 3723 ait
370 3661 507 3743 princeps
533 3661 617 3723 ludos
646 3660 749 3722 fecisse
776 3679 808 3722 se
832 3679 886 3742 pro
915 3660 1038 3740 conlegio
1064 3664 1242 3722 samaram
1270 3660 1341 3740 quid
1374 3669 1419 3723 est
1451 3660 1529 3722 aliud
1563 3679 1649 3740 quam

302 3765 406 3828 fecisse
428 3785 460 3828 se
481 3785 517 3827 ex
539 3764 655 3826 decreto
678 3759 813 3844 collegii?
846 3763 940 3836 Quam
962 3763 998 3825 ob
1013 3783 1075 3826 rem
1092 3772 1125 3825 ut
1139 3762 1216 3826 ludis
1231 3764 1378 3826 Arvalium
1394 3765 1499 3827 annuis
1515 3765 1651 3846 magister

303 3869 415 3950 collegii
449 3869 609 3951 praesidet,
641 3868 681 3931 ita
714 3869 750 3930 de
776 3867 852 3929 ludis
882 3867 1079 3930 saecularibus
1109 3865 1244 3929 similiter
1272 3866 1432 3931 decreverit
1460 3886 1579 3930 necesse
1607 3875 1652 3928 est

1148 3317 1222 3379 mag.
1246 3305 1349 3362 srotr.

401 4119 423 4187 ¹)
440 4120 565 4185 Bergkius
589 4119 719 4186 supplevit
737 4135 759 4184 p.
773 4119 819 4169 75:
843 4115 914 4169 ludos
927 4155 933 4168 .
947 4155 954 4168 .
967 4155 973 4168 .
987 4117 1118 4185 [proxima
1146 4086 1261 4167 &morab
1278 4117 1397 4184 Augusti
1418 4123 1443 4170 et
1462 4116 1497 4173 M.
1515 4117 1653 4186 Agrappae

301 4207 462 4274 tribauriele'a)
478 4211 601 4276 potestate
612 4208 735 4275 saturem
753 4213 779 4258 at
796 4220 905 4257 mamma
923 4205 987 4272 quod
1006 4211 1080 4255 extat
1090 4204 1165 4254 babet
1184 4202 1248 4270 lea,
1267 4219 1315 4254 nou
1330 4213 1394 4258 ΡΛΕ.
1424 4204 1562 4256 Praeterea
1574 4219 1651 4254 nonus

302 4296 338 4346 ite
357 4311 405 4345 non
423 4300 507 4360 potest
525 4293 674 4359 significari.

402 4381 423 4445 ²)
441 4381 468 4432 (l.
481 4380 500 4432 Ι.
518 4379 570 4432 L.l
590 4397 610 4447 p.
623 4380 683 4432 442.
717 4380 842 4444 Bergkins
866 4393 889 4445 p.
903 4378 935 4428 tt
953 4377 1062 4428 aderens
1080 4390 1112 4428 ex
1130 4373 1208 4426 Zellii
1227 4375 1328 4428 delectu
1346 4377 1408 4429 397:
1431 4392 1455 4426 a.
1466 4393 1490 4446 p.
1503 4375 1534 4428 n.
1552 4391 1572 4428 e.
1590 4378 1652 4445 imp.

305 4466 413 4518 Caesare
429 4465 483 4518 dici
499 4467 656 4535 Vespasiani
669 4467 728 4535 filio
745 4467 891 4518 Domataimo
908 4466 978 4532 Aug.
994 4462 1139 4516 Gaaaaoa'ec
1157 4465 1283 4530 magistra
1300 4466 1392 4515 avoir.
1407 4479 1441 4514 esa
1452 4481 1475 4515 s.
1491 4479 1511 4514 o.
1528 4462 1584 4515 ludi
1598 4479 1653 4514 sae·

303 4551 402 4605 calores
413 4555 494 4622 sueti,
513 4561 539 4606 et
557 4553 692 4606 adnotans:
710 4554 810 4620 ‘quibus
829 4553 955 4606 commode
972 4550 1011 4601 uti
1030 4565 1162 4618 possumus
1180 4550 1212 4601 ad
1230 4547 1311 4600 fastos
1324 4549 1480 4616 Capitolinos
1493 4551 1654 4617 supplendos,

304 4641 330 4692 in
353 4641 442 4707 quibus
464 4643 494 4694 de
516 4640 633 4692 versibus
651 4641 759 4709 quinque
777 4648 831 4690 tres
854 4637 999 4689 intermedii
1017 4637 1129 4688 radendo
1149 4636 1227 4688 deleti
1246 4633 1326 4699 sunt’,
1348 4652 1398 4686 non
1415 4635 1484 4688 vidit
1501 4635 1610 4687 Zellinm
1628 4635 1653 4686 id

304 4728 442 4794 sumpsisse
459 4743 474 4778 a
493 4725 678 4791 Fleetwoodio,
696 4725 895 4778 Fleetwoodium
908 4740 941 4776 ex
959 4725 1023 4790 ipsis
1041 4723 1136 4776 tabulis
1154 4723 1307 4791 Capitolinis
1330 4723 1454 4790 suppletis
1474 4723 1576 4775 seilicet
1593 4739 1654 4774 eon-

304 4815 417 4878 iectnre3
435 4816 500 4881 qaod
518 4829 614 4880 moneo,
632 4814 710 4881 periti
727 4813 883 4880 strideant,
902 4810 1014 4878 imperiti
1034 4825 1065 4862 ne
1083 4811 1251 4879 decipiantur.
