3656 5444
751 408 803 476 III,
823 409 928 465 35-39
1473 414 1514 478 73

162 627 248 680 rum3
269 606 300 668 in
322 626 380 686 quo
403 625 528 670 numero
549 606 677 686 legiones
699 606 837 670 Varianae
852 625 955 670 omnes
979 611 1107 670 luserunt.
1143 607 1244 688 Neque
1267 617 1413 690 postrema
1429 629 1516 672 causa

162 711 252 774 cladis
274 710 413 772 Varianae
435 711 506 772 baec
526 711 583 774 fuit
605 711 766 773 Germanos
788 730 850 773 rem
874 711 1010 774 babuisse
1032 731 1100 773 oum
1123 711 1253 774 exercitu
1276 712 1406 775 tirormm
1417 712 1450 793 ¹).

263 814 310 875 lll.
344 815 423 876 lnter
452 815 589 895 legiones,
618 832 693 892 quae
720 815 1010 894 comprehenduntur
1038 815 1170 877 numeris
1197 834 1213 876 a
1242 815 1338 895 primo
1372 817 1408 878 ad
1441 817 1516 879 duo-

163 917 320 992 decimum,
348 917 550 999 reperiuntur,
580 927 614 981 ut
635 917 708 990 dixi,
737 936 991 998 quarumcumque
1017 918 1159 981 memoria
1187 929 1322 1000 superest
1349 938 1426 983 anno
1455 923 1516 983 759

162 1021 321 1102 antiquior.
371 1021 488 1084 Scilicet
516 1042 591 1102 quae
617 1022 745 1102 legiones
773 1021 911 1084 vocabula
942 1021 1172 1103 adsumpserunt
1198 1041 1214 1083 a
1245 1023 1333 1084 rebus
1356 1035 1515 1087 antaeum

161 1143 273 1187 annum
289 1124 378 1205 gestis
394 1125 489 1198 ducta,
512 1127 637 1187 maxime
653 1125 861 1199 Macedonicae,
877 1125 946 1187 item
963 1125 1119 1201 liretensis,
1137 1129 1259 1188 fortasse
1274 1127 1361 1189 etiam
1379 1127 1516 1209 Hispana,

115 1280 118 1286 ,
161 1229 295 1290 numeris
321 1228 378 1290 illis
409 1229 573 1292 minoribus
602 1228 899 1310 comprehenduntur.
949 1229 1023 1291 ltem
1052 1230 1082 1291 in
1110 1249 1145 1291 eo
1173 1248 1298 1291 numero
1326 1229 1518 1294 inueniuntur

161 1351 364 1413 quaecumque
386 1333 577 1395 nominantur
599 1333 629 1395 in
649 1333 781 1395 nummis
796 1333 976 1397 coloniarum
992 1334 1028 1396 ab
1042 1334 1175 1414 Augusto
1190 1334 1379 1396 deductarum
1398 1335 1517 1415 signatis

162 1437 326 1516 imperante
348 1453 392 1508 eo,
416 1454 490 1515 quae
512 1445 582 1498 sunt
605 1435 689 1498 tertia
710 1436 810 1499 nescio
832 1455 906 1516 quae
928 1457 963 1499 ex
986 1437 1081 1501 tribus
1102 1437 1134 1500 in
1156 1439 1286 1500 nummis
1300 1437 1516 1514 Accitanorum,

161 1549 266 1619 quarta
288 1539 318 1601 in
341 1537 624 1620 Caesaraugustanis,
647 1539 750 1621 quinta
772 1540 955 1603 Macedonica
976 1541 1008 1603 in
1023 1541 1240 1623 Berytensibus,
1263 1541 1376 1622 quinta,
1399 1542 1518 1605 alaudae

162 1641 277 1723 opinor,
300 1642 331 1704 in
353 1642 586 1706 Emeritensibus
609 1653 638 1706 et
658 1642 906 1719 Cordubensibus,
935 1654 1084 1708 sextarum
1112 1647 1201 1708 altera
1231 1653 1296 1708 utra
1318 1645 1349 1708 in
1372 1645 1518 1710 Ruscino·

161 1745 304 1808 nensibus
327 1754 357 1808 et
372 1745 657 1826 Caesaraugustanis
680 1756 779 1810 octava
801 1747 832 1810 in
848 1747 1064 1829 berytensibus
1088 1750 1267 1813 decimarum
1289 1751 1379 1813 altera
1401 1759 1467 1814 utra
1486 1751 1517 1813 in

263 1992 284 2060 ¹)
306 1991 374 2045 llaec
392 2006 454 2060 quae
472 1993 595 2059 proposui
620 1995 670 2045 etsi
688 1995 892 2046 coniecturarum
910 1995 1034 2046 terminos
1052 2012 1101 2046 non
1121 1995 1244 2047 excedere
1264 1997 1340 2062 probe
1358 1996 1427 2061 seio,
1447 1997 1517 2048 nullo

163 2079 235 2130 modo
254 2079 381 2130 infirmata
398 2084 458 2128 sunt
477 2078 510 2128 iis
529 2092 591 2144 quae
609 2087 700 2131 eontra
719 2095 748 2133 ea
767 2081 876 2147 protulit
899 2081 1006 2132 Carolus
1024 2081 1120 2132 liobert
1136 2097 1183 2132 sur
1201 2080 1236 2132 les
1254 2080 1351 2149 legions
1371 2081 1518 2151 d’Auguste

163 2165 291 2234 (comples
308 2164 402 2216 nudus
419 2163 449 2214 de
466 2163 624 2216 t’Aeoaemse
643 2166 687 2217 des
704 2169 864 2235 maculatione
876 2169 892 2219 4
906 2183 928 2219 a.
944 2168 1009 2220 1868
1022 2185 1044 2235 p.
1057 2168 1195 2232 tta-107).
1230 2167 1296 2219 Belli
1308 2167 1411 2236 lllyrici
1430 2170 1518 2234 gravi·

163 2259 242 2304 utem
259 2268 314 2304 curn
331 2251 436 2304 elevare
453 2259 570 2316 conatur,
588 2267 638 2302 non
656 2253 738 2304 solnm
757 2268 820 2320 quae
839 2254 869 2305 de
883 2255 958 2304 rebus
970 2255 1049 2318 gestis
1059 2255 1155 2306 tradita
1166 2254 1286 2306 babemus
1299 2256 1462 2308 considerare
1474 2257 1517 2308 de·

162 2339 228 2402 buit,
245 2339 290 2390 sed
307 2338 369 2390 item
386 2338 452 2404 quod
470 2347 575 2405 propter
587 2338 613 2388 id
627 2338 719 2391 bellum
734 2337 886 2391 Germaniae
898 2341 924 2391 in
937 2341 1085 2408 provinciae
1098 2339 1204 2392 sormam
1216 2342 1369 2406 redigendae
1382 2343 1518 2395 eonsilium

163 2425 293 2490 Angustus
316 2423 412 2476 abiecit
435 2440 481 2475 nee
499 2423 529 2474 ad
548 2425 574 2476 id
592 2441 738 2493 quamquam
757 2426 842 2477 victor
861 2427 948 2492 rediit,
974 2433 1000 2478 et
1018 2427 1084 2495 quod
1102 2428 1199 2479 nullum
1222 2429 1302 2480 totius
1330 2429 1402 2482 illius
1424 2429 1519 2481 aetatis

162 2509 256 2562 bellum
275 2517 372 2562 tantum
398 2519 525 2562 terrorem
544 2513 681 2564 universae
700 2512 789 2564 ltaliae
808 2513 910 2580 iniecit,
931 2514 1026 2580 quade
1046 2529 1075 2565 re
1092 2531 1155 2582 quae
1174 2515 1316 2582 accepimus
1335 2515 1519 2568 dubitationem

164 2596 257 2648 nullam
276 2596 420 2650 admittunt.
452 2597 516 2650 Nam
535 2599 670 2651 dileetnum
689 2601 754 2651 ratio
773 2599 803 2650 ab
827 2601 882 2667 ipsa
906 2599 968 2651 belli
990 2601 1017 2652 vi
1037 2601 1120 2652 minus
1140 2602 1232 2668 pendet
1253 2617 1325 2668 quam
1346 2619 1360 2654 a
1383 2601 1517 2654 formidine

163 2683 244 2734 subiti
266 2683 398 2736 tumultus.
434 2685 551 2756 Ceterum
570 2688 701 2751 Augustus
719 2684 829 2739 sortasse
848 2702 897 2737 non
916 2694 966 2738 mm
986 2695 1090 2754 propter
1108 2687 1263 2740 rebellantes
1282 2687 1426 2741 Pannonios
1444 2704 1518 2742 exer·

164 2769 240 2821 eitum
263 2771 337 2821 auxit
361 2787 432 2836 mam
450 2787 479 2824 ea
498 2771 641 2825 rebellione
660 2789 721 2824 usus
740 2780 794 2836 est,
818 2780 847 2824 ut
864 2774 991 2837 ingratam
1008 2789 1061 2824 rem
1078 2773 1176 2826 ltalieis
1193 2774 1336 2826 bominibus
1355 2775 1475 2842 probaret
1492 2783 1519 2826 et

163 2855 271 2907 consilia
285 2855 344 2907 olim
358 2863 447 2923 coepta
459 2864 585 2925 uunquam
598 2859 751 2912 necessitate
765 2868 867 2912 coaetus
880 2868 1059 2927 exequeretur.
1089 2859 1172 2912 blulto
1185 2861 1267 2912 minus
1281 2861 1384 2928 probari
1397 2869 1518 2928 poterunt

163 2940 422 3009 argumenta‚'quibus
433 2943 559 2995 liebertus
573 2941 674 2998 effluere
688 2945 787 2996 studuit
798 2945 925 3010 legionum
939 2960 1068 2998 nnmerum
1081 2947 1227 2998 duodecimo
1239 2948 1361 3000 maiorem
1372 2947 1518 3000 labentium

164 3029 282 3096 quasdam
299 3037 358 3080 ante
376 3030 470 3082 bellum
488 3029 619 3097 illyricum
638 3031 837 3084 commemorari.
863 3031 927 3084 Num
947 3040 1075 3100 postquam
1094 3033 1166 3088 tituli
1178 3032 1316 3086 Patrenses
1334 3035 1408 3087 nobis
1425 3035 1520 3086 milites

164 3114 288 3166 dederunt
306 3121 355 3166 tam
375 3132 389 3166 x
407 3117 518 3182 legionis
536 3133 607 3183 quam
626 3133 666 3180 xrs,
687 3117 731 3168 vix
750 3117 897 3170 invenietur
915 3119 957 3187 qui
971 3125 1043 3170 notas
1057 3120 1200 3171 numerales
1213 3135 1231 3170 x
1243 3135 1277 3171 sn
1295 3121 1321 3170 in
1335 3121 1391 3172 eius
1404 3121 1520 3173 coloniae
1595 3129 1598 3138 ’

165 3201 271 3252 nummis
294 3202 326 3252 ad
349 3203 458 3268 aquilam
482 3203 649 3268 legionariam
674 3204 817 3271 adscriptas
841 3204 871 3256 de
890 3205 990 3269 legione
1009 3205 1133 3268 vigesima
1151 3207 1261 3258 secunda
1278 3207 1396 3274 accipiat.
1432 3207 1520 3274 Neque

165 3294 312 3354 propterea,
338 3289 403 3354 quod
426 3289 495 3354 legio
516 3305 546 3340 un
569 3290 595 3341 in
613 3287 718 3357 illyrico
737 3306 759 3342 a.
779 3290 828 3342 '159
846 3289 951 3342 sortiter
968 3293 1099 3358 pugnauit,
1119 3308 1167 3343 noo
1185 3293 1270 3358 potuit
1287 3292 1415 3345 conscribi
1433 3295 1521 3346 eodem

165 3389 243 3438 anae;
263 3374 387 3426 etiamad
407 3375 550 3428 Betriacum
568 3375 635 3438 legio
654 3377 766 3428 tironum
785 3374 868 3428 ‘leros
885 3385 912 3429 et
930 3377 990 3429 aovi
1008 3377 1110 3430 decoris
1129 3378 1211 3430 avids’
1229 3386 1376 3431 veteranam
1388 3380 1520 3447 splendide

164 3459 273 3524 devicit,
296 3460 441 3530 similiaque
461 3462 554 3528 passim
571 3469 750 3514 memorantur.
786 3464 839 3516 Nec
863 3479 952 3515 aarum
976 3472 1017 3515 est
1038 3461 1101 3518 felix
1123 3466 1171 3517 boc
1193 3465 1317 3532 proelium
1334 3466 1367 3516 ad
1385 3466 1441 3532 ipsa
1459 3466 1521 3518 balli

164 3547 269 3599 exordia
293 3547 461 3613 pertinuisse,
485 3564 540 3600 eum
562 3557 630 3601 teste
649 3548 729 3600 llione
748 3550 789 3618 55,
808 3551 841 3601 30
858 3550 1013 3602 blessnliuus
1037 3552 1175 3619 primumn
1194 3551 1287 3602 Batone
1306 3553 1391 3604 vietus
1409 3554 1520 3604 seeundo

165 3634 263 3702 proelio
281 3636 398 3700 superior
417 3636 526 3699 abierit3
545 3651 617 3702 quam
636 3637 667 3686 ob
686 3651 738 3686 rem
757 3635 807 3687 etsi
820 3636 920 3688 Velleio
934 3639 1066 3688 credemus
1078 3639 1159 3706 prima
1173 3639 1236 3690 belli
1248 3645 1348 3690 aestate
1363 3639 1520 3691 commissum

165 3735 230 3782 esse,
248 3721 333 3772 subita
352 3722 459 3774 rebellio
478 3737 550 3788 quam
568 3723 629 3774 item
649 3731 771 3775 memorat
788 3731 834 3776 aut
851 3725 881 3774 ad
900 3721 999 3776 locatos
1017 3725 1161 3776 adulatoris
1180 3726 1282 3777 colores
1301 3727 1415 3793 pertinet
1427 3733 1472 3777 aut
1483 3727 1521 3776 in-

165 3809 312 3873 tellegenda
333 3815 374 3860 est
394 3811 424 3860 de
446 3810 547 3862 vicibus
573 3809 635 3862 belli
653 3811 839 3878 posterioribus
857 3811 1016 3863 renascentis
1034 3817 1093 3876 post
1110 3811 1205 3876 quietis
1223 3812 1397 3864 intervallum.
1433 3811 1521 3880 ltaque

166 3895 230 3947 nibil
244 3897 335 3961 obstat,
355 3897 485 3962 queminus
507 3897 572 3948 hane
596 3897 721 3962 legionem
744 3905 885 3950 statuamus
909 3913 939 3949 eo
963 3899 1018 3965 ipso
1038 3912 1102 3948 anno
1121 3897 1147 3947 io
1163 3896 1240 3950 ltalia
1259 3897 1428 3966 conscriptam
1446 3900 1521 3952 semi·

164 3982 262 4050 plenum
275 4003 278 4010 ’
291 3984 421 4034 etiamtum
445 3983 491 4034 sub
514 3981 654 4034 Messalino
672 3999 794 4050 prospere
821 3986 847 4037 in
865 3984 972 4053 illyrico
990 3997 1123 4049 pugnasse.
1139 4011 1172 4020 —
1192 3984 1329 4049 Legionem
1352 3985 1443 4037 deiude
1467 4002 1520 4037 urm

164 4069 287 4134 geminam
305 4069 424 4121 blastiam
442 4069 577 4120 victricem
595 4077 655 4121 ante
668 4069 805 4122 liebertum
823 4085 895 4122 nemo
914 4071 1005 4137 opinor
1023 4071 1142 4122 inventus
1162 4072 1262 4138 estqui
1280 4069 1448 4124 confunderet
1466 4088 1521 4124 eum

164 4156 264 4219 lemene
283 4155 378 4208 blartia
395 4156 465 4207 dieta
483 4171 587 4206 numero
605 4163 709 4207 carente
728 4158 822 4208 aetatis
834 4155 1025 4220 Ciceronianae,
1043 4173 1099 4207 cum
1117 4157 1266 4223 praesertim
1283 4158 1452 4225 antiquissimi
1465 4159 1521 4225 qui-

164 4257 212 4308 que
224 4242 296 4294 illius
308 4242 379 4294 tituli
396 4249 446 4292 taus
460 4241 602 4293 britannici
615 4257 686 4307 quam
701 4240 844 4294 Germanici
857 4242 1011 4309 (composuit
1022 4257 1066 4294 eos
1078 4243 1156 4294 Stille
1167 4245 1227 4296 bist.
1241 4244 1367 4309 legionum
1379 4262 1403 4313 p.
1414 4245 1447 4297 94
1456 4247 1522 4313 seq.)

164 4328 221 4379 salo
240 4329 355 4390 geminae
374 4327 498 4380 vocabulo
517 4333 622 4378 utantm
641 4343 721 4396 neque
740 4329 849 4380 blnrtiae
868 4343 1003 4392 cognomen
1015 4329 1097 4380 adhue
1111 4329 1241 4380 inventum
1253 4331 1288 4382 sit
1300 4339 1359 4384 ante
1374 4348 1397 4383 a.
1411 4349 1433 4400 p.
1448 4333 1475 4384 C.
1488 4335 1521 4384 56

165 4417 278 4478 (Hennes
297 4416 374 4478 bibl)
391 4414 542 4466 attributum
561 4414 672 4466 fortasse
686 4416 710 4466 ei
723 4423 828 4483 propter
840 4415 976 4466 victoriam
989 4414 1160 4466 Britannicam
1172 4431 1196 4467 a.
1210 4416 1251 4467 62.
1268 4445 1302 4455 -
1317 4417 1430 4486 lienique
1442 4419 1522 4483 gemi-

165 4518 209 4553 nas
222 4503 336 4566 legiones
348 4502 413 4569 quod
425 4502 463 4553 ait
477 4499 601 4553 liebertus
614 4500 656 4566 (cl.
671 4503 809 4554 brambach
823 4501 850 4554 C.
864 4501 880 4554 l.
895 4501 940 4552 ltu.
954 4500 1030 4568 praei.
1045 4519 1067 4568 p.
1079 4517 1099 4557 x
1112 4503 1178 4566 adn.)
1192 4503 1314 4556 eiusmodi
1326 4505 1423 4558 dilectu
1437 4506 1522 4557 nullas

163 4589 266 4641 institui
284 4589 397 4656 potuisse
414 4594 503 4654 utpote
522 4587 559 4638 sie
577 4587 717 4654 appellatas
736 4596 858 4655 tamquam
878 4603 911 4640 ex
928 4589 997 4640 biuis
1015 4587 1105 4653 lactas,
1124 4603 1186 4655 quae
1206 4589 1323 4642 vocabuli
1340 4592 1521 4661 interpretatio

164 4675 227 4728 alibi
245 4676 327 4726 locum
345 4675 423 4726 babet
441 4673 545 4738 (Caesar
562 4676 585 4726 b.
603 4693 625 4726 c.
645 4675 670 4739 3,
683 4676 712 4740 4;
729 4675 777 4726 llio
796 4677 836 4742 55,
850 4675 908 4740 23),
930 4683 1013 4728 tamen
1041 4676 1153 4740 geminas
1178 4677 1240 4728 duas
1262 4693 1303 4729 surr
1326 4686 1353 4730 et
1375 4695 1428 4731 nnn
1446 4680 1521 4744 longe

164 4760 324 4828 probabilius
347 4769 387 4812 est
405 4776 493 4812 nomen
513 4761 570 4812 inda
588 4762 715 4824 traxisse,
743 4762 807 4828 quod
835 4761 909 4813 simul
933 4769 1007 4814 natae
1031 4770 1058 4814 et
1082 4761 1206 4814 formatae
1223 4770 1298 4829 sunt;
1324 4773 1429 4833 propter
1456 4766 1522 4832 quod

164 4863 207 4899 eas
226 4865 276 4898 non
294 4848 376 4899 miuus
395 4855 465 4899 reete
483 4849 595 4913 geminas
612 4847 736 4915 appellari
755 4849 867 4916 potuisse
885 4864 956 4909 nemo
977 4849 1067 4916 opinor
1086 4850 1195 4914 negabit.
