3656 5444
771 377 827 446 VI,
841 380 908 434 1-3
1447 381 1508 446 137

164 562 243 642 quod
273 559 376 624 scribit
403 562 490 623 huius
520 560 579 621 aevi
608 567 708 620 auctor
734 558 864 621 Isidorus
891 558 1073 622 Characenus
1100 561 1287 621 mansionum
1309 559 1510 622 Parthicarum

165 687 190 728 c.
209 667 223 726 1
248 665 297 744 (cl.
314 663 415 726 lliuller
437 663 467 724 In
483 662 572 743 prael.
589 663 643 722 vol.
662 665 677 722 l
701 681 796 742 geogr.
819 661 890 724 min.
906 683 935 744 p.
951 662 1074 743 cxxxu):
1096 662 1195 747 νῆσος
1213 661 1297 725 κατὰ
1310 659 1510 747 τὸνΕὐφρά-

164 789 223 852 την
325 765 471 830 ἐνταῦθα
497 761 581 842 roilo
613 759 653 848 ἦν
679 762 832 848 Φραάτου
859 765 917 830 τοῦ
940 761 1194 850 ἀποσφάξαντας
1215 761 1273 840 τὰς
1295 764 1510 841 παλλακίδας,

165 867 219 934 ὅτε
239 865 421 953 Τηριδάτης
443 865 548 952 φυγὰς
571 865 615 932 ὤν
637 867 815 950 εἰσέβαλεν.
853 871 936 944 Quod
960 871 985 932 si
1000 889 1104 933 uxores
1119 871 1257 933 Phraates
1273 879 1336 933 tum
1353 871 1510 945 interemit,

165 993 201 1038 ue
216 995 232 1036 a
248 973 374 1036 Tiridate
389 981 571 1054 caperentur,
595 991 654 1034 uon
669 972 801 1034 absimile
816 973 876 1034 veri
892 981 938 1036 est
952 974 1007 1036 hac
1021 973 1083 1055 ipsa
1098 974 1265 1037 incursione
1281 975 1360 1037 hunc
1374 975 1433 1036 lilio
1448 975 1510 1038 eius

165 1078 291 1161 potitum
307 1097 380 1151 esse,
403 1095 490 1157 quern
507 1084 581 1138 teste
596 1076 709 1139 Iustino
723 1076 922 1156 neglegentius
937 1077 1117 1139 custoditum
1133 1077 1238 1158 rapuit.
1254 1113 1295 1122 —-
1309 1077 1352 1140 hd
1368 1077 1397 1139 id
1412 1079 1510 1159 ipsum

166 1186 288 1244 tortasse
317 1189 428 1262 spectat
455 1180 533 1260 quod
560 1182 616 1242 hoc
645 1181 708 1242 loco
740 1181 888 1260 Augustus
915 1180 1019 1243 scribit
1044 1181 1210 1262 confugisse
1236 1182 1270 1244 ad
1299 1201 1330 1244 se
1356 1182 1510 1244 Phraatem

166 1287 241 1366 regis
268 1284 401 1346 Phraatis
430 1283 532 1345 lilium.
582 1283 653 1346 Eius
679 1283 809 1346 nominis
838 1303 915 1347 unus
943 1293 1057 1347 tantum
1085 1294 1173 1348 notus
1200 1295 1257 1360 est,
1285 1285 1394 1348 scilicet
1415 1285 1440 1347 is
1462 1285 1512 1366 qui

166 1408 233 1452 curn
256 1387 395 1450 iratribus
419 1387 512 1450 tribus
535 1388 620 1450 obses
643 1407 658 1449 a
680 1396 762 1468 patre
784 1387 893 1450 missus
915 1398 960 1450 est
974 1387 1097 1450 Romam
1120 1408 1145 1451 c.
1161 1409 1186 1452 a.
1203 1391 1264 1451 745
1286 1390 1326 1470 (r.
1342 1409 1369 1472 p.
1388 1390 1460 1465 140)
1483 1398 1513 1451 et

166 1503 233 1575 post
263 1511 356 1554 annos
383 1491 450 1572 plus
477 1490 666 1572 quadraginta
693 1511 718 1554 a.
734 1511 763 1571 p.
778 1490 809 1553 C.
826 1490 866 1553 35
892 1491 1008 1554 Parthis
1035 1510 1132 1572 regem
1159 1493 1326 1574 petentibus
1353 1513 1369 1554 a
1396 1491 1512 1554 Tiberio
1625 1551 1628 1558 ,

166 1597 297 1660 redditus
319 1595 399 1676 (Tac.
422 1614 490 1657 aun.
506 1596 535 1670 b,
552 1595 608 1671 313
636 1594 755 1668 uicos,
773 1594 834 1675 16).
876 1595 914 1656 dt
942 1595 977 1657 de
1003 1596 1129 1658 adventu
1152 1596 1214 1658 eius
1235 1616 1260 1658 a.
1277 1597 1338 1658 745
1366 1597 1422 1658 hoc
1449 1597 1511 1658 loco

166 1700 285 1781 cogitari
306 1700 423 1779 nequit3
451 1700 645 1780 nequeenim
668 1698 798 1779 conlugit
820 1707 883 1760 tum
906 1698 942 1760 ad
963 1697 1128 1780 Augustum
1151 1719 1205 1762 nec
1226 1701 1369 1763 rationem
1393 1699 1513 1763 haberet

166 1823 201 1865 ex
223 1810 362 1883 quattuor
383 1802 522 1866 tratribus
546 1821 637 1864 uuum
660 1821 715 1865 uec
736 1811 807 1864 natu
830 1801 990 1864 maximum
1010 1804 1088 1880 (Tac.
1104 1822 1171 1866 ann.
1188 1803 1217 1878 2,
1241 1803 1274 1885 2)
1296 1806 1335 1866 ita
1357 1804 1511 1878 nominari,

167 1925 235 1968 cum
257 1907 428 1987 praesertim
452 1906 548 1987 paullo
569 1914 637 1987 post
658 1906 724 1968 data
746 1925 832 1986 opera
854 1906 889 1967 de
905 1906 1054 1969 obsidibus
1071 1907 1155 1987 regiis
1168 1917 1278 1988 agatur.
1308 1907 1398 1970 Filius
1414 1917 1512 1969 autem

167 2010 299 2072 Phraatis
321 2019 393 2072 natu
416 2010 556 2072 minimus
578 2029 665 2091 quem
688 2029 704 2072 a
726 2009 853 2072 Tiridate
868 2009 1008 2073 Romanis
1030 2010 1170 2073 traditum
1193 2031 1257 2074 esse
1273 2011 1360 2073 modo
1374 2011 1511 2085 diximus,

167 2133 234 2177 curn
261 2132 320 2193 quo
342 2113 462 2175 nomine
483 2113 571 2176 luerit
592 2113 755 2194 ignoretur,
782 2113 855 2175 nihil
876 2113 1008 2195 impedit,
1031 2101 1189 2194 quominus
1219 2115 1295 2177 idem
1325 2115 1426 2189 luerit,
1456 2115 1513 2178 ita-

166 2237 222 2297 que
255 2218 291 2279 ad
324 2217 386 2279 eius
414 2217 570 2280 adventum
601 2217 728 2299 priorem
757 2218 836 2279 hunc
861 2217 959 2280 locum
987 2218 1159 2280 rettulerim.
1207 2218 1249 2282 Ita
1279 2218 1414 2282 convenit
1434 2219 1513 2299 quod

167 2321 269 2383 scribit
289 2322 439 2401 Augustus
453 2320 607 2383 Phraatem
624 2315 722 2382 'lilium
745 2321 859 2382 venisse
881 2320 917 2382 ad
940 2340 972 2383 sa
993 2329 1061 2402 poet
1075 2321 1243 2383 Tiridatem.
1282 2322 1357 2384 Sane
1379 2321 1433 2383 alia
1452 2340 1512 2383 non

167 2423 361 2486 conveniunt:
391 2443 458 2485 nam
487 2425 647 2486 secundum
680 2433 833 2486 auctorum
864 2424 1060 2486 narrationem
1084 2444 1157 2504 puer
1182 2425 1230 2486 hic
1251 2425 1327 2506 regis
1349 2425 1425 2487 dhus
1448 2425 1512 2499 luit,

167 2547 226 2590 non
255 2546 306 2588 rex
328 2527 517 2602 Parthorum,
545 2547 598 2590 uec
628 2527 760 2607 confugit
786 2528 821 2589 ad
844 2529 1021 2608 Augustum,
1053 2528 1102 2590 sed
1131 2529 1159 2590 vi
1185 2537 1287 2610 raptus
1312 2529 1347 2590 ad
1371 2548 1438 2591 eum
1460 2529 1513 2591 ad·

168 2633 273 2694 ductus
295 2639 349 2704 est,
372 2639 407 2693 ut
429 2630 543 2692 mittam
565 2650 632 2693 eum
656 2631 695 2694 ita
719 2630 838 2693 rediisse
859 2631 890 2692 in
912 2632 1034 2712 patriam
1057 2635 1117 2693 lere
1139 2631 1410 2712 septuagenarium,
1433 2633 1512 2713 quod

168 2754 235 2797 rere
257 2734 457 2797 difficultatem
480 2752 540 2796 non
561 2735 658 2796 habet.
695 2735 733 2796 dt
746 2734 890 2797 Tiridates
911 2744 1026 2815 raptum
1046 2733 1086 2796 ita
1102 2743 1197 2815 tegere
1211 2734 1316 2816 potuit,
1341 2744 1373 2796 ut
1387 2754 1511 2816 puerum

169 2838 335 2920 perhiberet
356 2847 459 2919 sponte
481 2837 595 2900 Caesari
619 2857 650 2900 se
673 2838 800 2912 tradere3
825 2838 921 2919 potuit
941 2841 1077 2912 tortasse,
1104 2857 1173 2899 cum
1196 2837 1366 2918 praesertim
1388 2837 1445 2918 ipsi
1467 2837 1513 2899 ius

168 2943 198 3004 in
220 2960 342 3023 regnum
367 2941 574 3002 hereditarium
596 2941 710 3004 nullum
733 2950 811 3004 esset
826 2941 995 3019 (Tiridatem
1019 2943 1175 3022 quendam,
1197 2940 1273 3004 τινὰ
1294 2950 1429 3004 auctores
1444 2961 1512 3003 eum

168 3048 264 3108 dicere
289 3044 442 3124 vidimus),
471 3063 538 3106 cum
561 3064 652 3126 puero
675 3064 709 3106 eo
732 3063 854 3124 regnum
878 3045 1020 3126 spondere
1043 3065 1107 3109 sese
1129 3045 1415 3108 communicaturum
1439 3064 1512 3106 esse.

168 3151 248 3223 Quae
276 3149 301 3211 si
328 3148 368 3210 ita
396 3149 432 3210 od
453 3148 618 3228 Augustum
645 3148 804 3221 referebat,
837 3157 998 3229 potuerunt
1025 3150 1070 3211 vel
1099 3150 1172 3212 adeo
1198 3149 1364 3211 debuerunt
1385 3149 1456 3210 haec
1477 3148 1513 3210 ab

168 3255 299 3334 Augusto
324 3252 365 3314 ita
391 3251 504 3313 narrari
530 3261 564 3314 ut
591 3254 698 3313 Iactum
727 3261 781 3314 est.
808 3287 849 3296 —
875 3252 1024 3314 Diversum
1051 3253 1126 3315 viam
1155 3255 1304 3334 Ingressus
1329 3252 1514 3314 Bormannus

168 3357 291 3419 coniecit
303 3356 457 3417 Phraatem
481 3356 559 3416 hunc
580 3374 647 3416 eum
670 3375 743 3430 esse,
766 3374 854 3436 quem
869 3354 1010 3436 Iosephus
1033 3357 1104 3430 (ant.
1122 3354 1171 3432 18,
1193 3356 1223 3429 2,
1246 3357 1279 3436 4)
1297 3365 1327 3418 et
1340 3357 1393 3419 nio
1412 3357 1514 3437 (supra

169 3481 196 3541 p.
214 3459 273 3521 113
295 3469 355 3520 not.
372 3457 403 3534 3)
418 3458 605 3520 Phraatacem
629 3459 782 3539 appellant,
804 3459 880 3540 regis
895 3460 1027 3522 Phraatis
1048 3460 1141 3522 tilium
1164 3461 1287 3522 nothum
1310 3469 1341 3522 et
1361 3480 1514 3524 successo-

168 3581 247 3637 rem3
270 3581 337 3624 nom
360 3561 417 3623 duo
439 3561 557 3623 nomina
580 3561 709 3624 eiusdem
733 3565 793 3624 lere
816 3563 1034 3642 significationis
1055 3564 1232 3627 commutari
1250 3563 1380 3646 potuisse
1395 3573 1425 3626 et
1439 3584 1513 3643 quac

169 3669 204 3729 de
233 3667 310 3728 exitu
333 3665 498 3728 Phraatacis
520 3665 661 3748 Iosephus
682 3674 781 3728 narrat
803 3663 929 3739 (undosa
952 3665 1167 3750 περιελαθεὶς
1189 3664 1348 3749 πρότερον
1369 3665 1389 3752 ἢ
1411 3668 1513 3750 φῦναι

168 3765 268 3851 μέγας
290 3767 448 3840 ἐξέπιπτε
469 3769 533 3831 τῶν
556 3764 757 3851 πραγμάτων
778 3768 833 3831 καλ
858 3766 941 3833 οὕτω
965 3766 1116 3851 θνήσκει)
1133 3790 1200 3833 cum
1216 3774 1283 3851 luga
1298 3770 1334 3832 ad
1348 3774 1513 3850 Augustum

95 3933 96 3936 ,
170 3891 254 3954 posse
277 3871 433 3935 conciliari.
470 3872 540 3934 Mihi
562 3873 632 3934 haec
653 3872 819 3935 coniectura
841 3873 928 3935 etiam
950 3873 1087 3936 audacior
1109 3874 1223 3936 videtur
1237 3893 1325 3955 quam
1342 3893 1429 3955 supra
1444 3893 1514 3954 pro-

169 3976 262 4058 posita
290 3977 442 4038 temeraria
471 3995 540 4038 sane
567 3985 598 4038 et
622 3977 692 4058 ipsa.
744 3976 818 4039 Nam
841 3977 960 4039 nomina
982 3977 1099 4058 propria
1120 3996 1298 4057 quamquam
1322 3978 1398 4041 idem
1422 3977 1514 4056 signi-

170 4083 272 4154 ficent,
305 4080 381 4162 apud
409 4080 533 4143 Parthos
571 4099 631 4143 non
665 4080 756 4161 magis
783 4099 870 4160 quam
898 4081 973 4162 apud
1000 4080 1147 4142 Romanos
1176 4081 1335 4162 permutari
1361 4080 1514 4142 Eduardus

171 4186 282 4247 Sachau
302 4186 409 4265 collega
424 4185 459 4246 de
475 4205 507 4246 ea
523 4203 553 4246 re
569 4185 765 4264 interrogatos
779 4183 938 4265 respondit.
976 4183 1084 4247 Deinde
1099 4203 1151 4246 rex
1164 4185 1341 4247 Parthorum
1356 4182 1514 4264 legitimus,

170 4287 262 4369 qualis
277 4287 339 4348 sine
355 4287 443 4349 dubio
458 4289 630 4351 Phraataces
652 4288 716 4362 luit,
739 4287 939 4350 Romanorum
961 4307 1014 4370 per
1035 4290 1200 4371 complures
1222 4307 1315 4351 annos
1333 4287 1515 4350 adversarius

171 4391 194 4454 si
210 4391 349 4453 Romanis
370 4409 401 4453 se
424 4392 595 4466 dedidisset,
617 4391 646 4453 id
669 4393 775 4474 opinor
796 4410 855 4453 non
877 4391 1087 4472 ignoraremus.
1110 4427 1152 4436 --
1173 4393 1216 4454 nd
1239 4400 1356 4473 tempus
1377 4390 1456 4470 quod
1469 4397 1516 4452 at-

171 4495 256 4569 tinet,
278 4494 418 4557 diilerunt
439 4496 560 4558 omnino
582 4495 635 4557 uio
661 4503 692 4556 et
713 4493 856 4568 lusimus,
884 4494 935 4556 sed
963 4501 996 4555 ut
1021 4495 1103 4557 facile
1129 4495 1330 4558 concilientur.
1380 4493 1453 4555 Nam
1482 4501 1515 4555 ut

170 4602 254 4678 lugae
276 4598 411 4661 Tiridatis
433 4617 542 4662 annum
565 4599 617 4661 [tio
640 4607 718 4661 recte
741 4597 867 4673 tradidit,
889 4598 929 4660 ita
951 4598 986 4660 de
1008 4598 1071 4660 eius
1093 4601 1271 4680 protectione
1292 4599 1327 4660 ad
1349 4582 1514 4676 Augustum

170 4720 237 4764 cum
260 4701 319 4762 filio
341 4701 474 4765 Phraatis
495 4703 642 4766 Iustinum
670 4702 769 4786 potius
801 4720 973 4784 sequemur,
1005 4703 1166 4765 secundum
1197 4721 1285 4783 quem
1307 4701 1449 4764 Tiridates
1478 4701 1516 4763 ad

171 4807 321 4869 Caesarem
344 4807 424 4868 venit
444 4812 475 4870 in
490 4807 628 4888 Ilbpnnrb
649 4807 755 4870 bellum
776 4819 836 4871 tam
856 4810 992 4890 temporis
1010 4816 1161 4890 gundaro,
1184 4806 1213 4869 id
1235 4814 1281 4869 est
1301 4824 1377 4867 anno
1394 4803 1455 4867 728
1470 4807 1516 4868 rel
