3656 5434
317 405 378 466 192
850 403 1139 458 ORTHOGRAPHIA

314 580 456 642 Similiter
478 580 508 641 in
524 581 582 642 dat.
599 581 655 643 abl.
670 582 710 662 pl.
726 582 797 644 decl.
815 583 834 643 2
854 593 888 646 ut
903 584 1084 664 frequentior
1099 592 1145 646 est
1158 587 1171 645 ι’
1183 583 1307 665 simplex
1324 591 1467 665 (auspicis,
1484 588 1598 660 colonis,
1622 590 1674 658 des,

309 688 463 764 provincis,
485 683 641 765 stipendis),
664 686 703 746 ita
727 685 795 746 alibi
817 696 861 748 cst
883 692 906 749 ii
919 687 1065 768 (consiliis,
1088 691 1130 752 iis.
1148 687 1267 762 indiciis,
1290 688 1435 770 munibiis)
1451 691 1586 769 idemque
1602 691 1675 752 adeo

313 787 486 848 vocabulum
517 787 605 848 modo
627 806 680 868 per
701 792 714 849 i
734 789 821 850 modo
837 809 889 869 per
904 793 928 850 ii
941 790 1088 863 scribitur,
1112 799 1146 851 ut
1159 795 1311 872 municipis
1326 799 1356 852 et
1370 797 1540 872 masns'rrpiis.
1571 793 1675 854 Nomi-

312 891 410 952 nativo
432 891 552 970 pluralis
575 893 719 952 secundae
742 892 881 953 scribitur
902 893 967 966 olii3
990 902 1091 954 contra
1116 893 1175 954 odit
1197 893 1375 968 invenimur,
1399 914 1457 956 non
1480 897 1558 957 odiit.

413 995 524 1056 Vocalis
546 1014 654 1075 anceps
676 995 754 1056 inter
776 999 788 1055 i
808 1005 837 1057 et
859 1016 879 1056 u
898 1003 1067 1056 constanter
1082 997 1202 1057 ellertur
1220 1015 1273 1076 per
1294 1001 1319 1072 ι“;
1342 997 1381 1058 ita
1404 998 1511 1076 legitur
1533 999 1674 1078 lepitimus

311 1097 450 1176 finitimus
469 1101 602 1178 pontifex
622 1103 757 1178 septimus
778 1099 903 1160 decimus
918 1103 1085 1162 tricensimus
1099 1101 1346 1180 frequentissimus
1360 1105 1519 1182 reciperare
1533 1103 1674 1163 monebioe

309 1201 476 1279 porticibus3
498 1219 626 1280 quocum
650 1200 747 1261 licebit
769 1220 946 1281 componere
967 1203 1045 1282 quod
1070 1211 1143 1263 teste
1167 1203 1310 1264 Suetonio
1333 1222 1357 1264 c.
1374 1203 1415 1265 87
1437 1204 1590 1284 Augustus
1612 1223 1672 1265 non

290 1322 412 1366 sumus
434 1302 564 1382 scripsit,
596 1303 646 1363 sed
668 1307 765 1364 simus.
810 1304 1017 1385 Exceptioncm
1048 1305 1115 1366 lacit
1143 1323 1201 1365 non
1226 1306 1305 1384 quod
1328 1307 1467 1368 scribitur
1489 1307 1605 1387 clupeos
1627 1311 1672 1382 (ea

311 1405 389 1466 enim
420 1404 552 1466 vocabuli
580 1407 672 1466 forma
701 1404 849 1484 alteraque
879 1407 953 1468 nrale
981 1407 1162 1486 graecissans
1185 1407 1297 1488 clypeus
1319 1409 1396 1470 solae
1419 1409 1556 1489 antiquae
1579 1410 1671 1488 sunt),

312 1510 364 1570 sed
393 1508 470 1589 quod
498 1517 544 1569 est
568 1509 855 1588 septuopeusnlmnm]
884 1530 911 1570 vr
929 1527 967 1584 ιι,
997 1511 1032 1571 dc
1060 1531 1118 1590 qua
1144 1511 1315 1591 exceptione
1342 1512 1496 1574 videantur
1524 1533 1600 1592 quae
1626 1513 1673 1574 di-

312 1621 415 1674 centur
436 1613 472 1673 ad
495 1611 666 1673 numeralia.

411 1715 522 1777 Mediae
545 1717 560 1777 b
584 1716 603 1776 d
625 1716 656 1776 in
678 1713 827 1776 vocabulis
850 1714 990 1776 extremis
1013 1718 1219 1796 praeferuntur
1242 1717 1381 1779 tenuibus
1400 1738 1421 1799 p
1443 1729 1453 1780 ι
1476 1718 1672 1800 scribiturque

312 1826 480 1880 constanter
501 1819 535 1879 ob
557 1818 609 1880 sot
632 1853 673 1861 —
696 1820 734 1880 ud
756 1818 848 1898 adque
869 1819 948 1898 opud
969 1817 999 1879 id
1019 1820 1068 1880 sed
1091 1819 1219 1900 aliquod3
1241 1827 1272 1880 at
1292 1839 1351 1882 nou
1368 1821 1478 1896 ubsmu,
1494 1822 1544 1884 sed
1560 1842 1671 1903 apsens.

410 1920 581 2001 Adspiratae
604 1921 713 1981 adsunt
734 1921 821 1982 etism
846 1930 960 2001 praeter
988 1921 1230 1984 consuetudinem
1247 1923 1440 1986 vetustiorem
1456 1925 1670 2006 rationemque,

313 2024 398 2086 utin
420 2025 591 2106 tm'umplvns.

411 2129 486 2189 Ante
509 2146 523 2189 s
545 2133 714 2188 constanter
735 2126 818 2188 adest
839 2147 860 2189 n
881 2127 912 2188 in
934 2127 1083 2189 vocabulis
1111 2127 1207 2206 qualia
1229 2137 1300 2190 sunt
1322 2135 1448 2210 quotiens
1470 2135 1575 2193 ornem
1596 2151 1669 2212 quo-

313 2232 446 2312 droqicns
468 2233 662 2312 quinpcntiens
683 2229 806 2291 milliens
827 2234 996 2292 vicessimus
1017 2231 1277 2311 quadrupeusimus.

411 2355 439 2395 ss
467 2334 550 2395 adest
577 2333 607 2393 in
630 2351 733 2395 coussu
763 2333 938 2413 (composita
967 2352 1105 2396 excusare
1133 2342 1163 2394 et
1192 2334 1298 2395 similia
1321 2335 1352 2395 in
1375 2337 1588 2398 commentario
1609 2355 1669 2398 uon

311 2437 527 2518 reperiuntur),
554 2437 624 2498 item
654 2436 686 2497 in
712 2435 856 2499 claussum
882 2455 904 2496 n
922 2457 956 2511 ιι,
989 2455 1055 2499 cum
1080 2445 1179 2498 lamen
1202 2437 1348 2500 scribatur
1370 2439 1499 2502 clausum
1521 2458 1542 2500 n
1559 2459 1595 2514 ιι,
1622 2444 1669 2500 in-

312 2539 423 2601 clusum
444 2557 466 2599 11
481 2558 517 2602 ιι.
1353 2557 1355 2562 ·

411 2661 434 2704 ιι
456 2642 580 2722 simplex
603 2641 748 2722 reperitur
770 2643 958 2723 plerumque,
988 2642 1076 2705 etiarn
1108 2644 1159 2705 ubi
1186 2644 1217 2705 in
1245 2645 1416 2726 compositis
1443 2645 1670 2707 conveniuntur

312 2746 449 2808 claudens
478 2753 509 2807 et
535 2765 549 2806 s
577 2744 735 2825 incipieus,
766 2755 800 2806 ut
827 2747 963 2821 anilium
993 2747 1143 2811 invenitur
1174 2759 1271 2810 umen
1300 2767 1337 2810 ors
1367 2748 1412 2809 bis
1441 2748 1472 2809 in
1494 2753 1619 2811 seesima
1641 2757 1670 2810 et

311 2854 498 2930 eustiuquue.

409 2973 429 3014 z
450 2960 480 3013 et
502 2971 515 3012 s
537 2951 682 3013 alternant
703 2950 733 3011 in
756 2952 917 3016 Artuoozde
939 2962 968 3016 et
989 2954 1153 3018 Artauasde.

410 3055 531 3118 llutatio
566 3056 671 3118 vocalis
704 3056 860 3118 coniuncta
894 3075 961 3118 cum
997 3059 1204 3121 vocabulorum
1233 3058 1358 3119 duorum
1390 3057 1604 3137 compositione
1633 3058 1669 3118 ab

310 3160 452 3238 Augusto,
480 3169 513 3220 ut
534 3162 595 3220 lere
617 3160 653 3220 ab
676 3159 789 3221 idoneis
812 3161 981 3222 auctoribus
1004 3162 1152 3235 omnibus,
1175 3180 1235 3224 non
1251 3161 1423 3222 observatur
1437 3160 1469 3221 in
1485 3162 1672 3222 consecrandi

310 3263 459 3324 vocabulo.

410 3364 592 3426 Adsimilalio
619 3365 650 3426 in
685 3366 892 3427 vocabulorum
926 3367 1138 3448 compositione
1175 3367 1260 3428 modo
1293 3365 1459 3427 admittitur
1490 3367 1576 3427 modo
1610 3384 1670 3426 non

311 3467 490 3529 admittitur:
518 3487 586 3529 nam
617 3468 723 3547 legitur
752 3470 922 3531 immortalis
943 3480 973 3531 et
993 3475 1140 3543 inmissum
1169 3469 1324 3532 collatinus
1346 3478 1375 3530 et
1397 3469 1488 3530 semel
1511 3469 1670 3547 collepium,

310 3589 377 3632 cum
401 3553 558 3650 quinquies
573 3572 736 3652 reperiatur
751 3572 867 3652 conlcpo
882 3572 943 3634 sive
958 3572 1130 3654 conlepium3
1154 3577 1290 3653 uccrpere,
1307 3577 1421 3640 oscitans,
1437 3573 1487 3632 sed
1504 3572 1671 3650 adoptiuum

310 3692 466 3754 oppressus.
512 3674 657 3735 Scribitur
679 3693 734 3754 mp,
758 3693 817 3735 non
840 3694 894 3755 np:
921 3678 1096 3756 impendere,
1119 3681 1246 3756 impensu
1268 3678 1460 3755 (quamquam
1484 3678 1602 3754 inpenso
1623 3683 1671 3734 est

309 3776 340 3837 in
367 3777 609 3857 praescriptione,
643 3796 717 3856 quse
750 3795 809 3838 non
837 3786 883 3838 est
912 3777 1063 3858 Augusti),
1093 3783 1265 3859 imperator,
1295 3797 1478 3857 comparare,
1508 3777 1670 3856 compium

310 3891 411 3942 contra
435 3889 493 3941 lam
515 3900 562 3962 mq
584 3880 733 3941 invenitur
754 3898 842 3959 quam
865 3899 919 3961 nq:
943 3885 1196 3962 quotienscumque,
1219 3901 1376 3962 nrrnquum.

412 3983 444 4044 ln
469 3983 661 4044 declinatione
684 4001 769 4044 casus
792 3982 903 4062 antiqui
926 3983 957 4042 in
974 3988 1013 4044 eis
1027 3984 1173 4046 habentur
1195 3984 1238 4044 ni:
1262 3983 1420 4045 Dalmoleis
1441 4001 1510 4055 νιος
1533 3986 1671 4044 emeriteis

310 4085 418 4148 laureis
439 4105 467 4146 vr
484 4105 508 4145 ιι
525 4086 627 4164 (modo
655 4086 731 4147 sita
758 4085 855 4158 lauro,
883 4104 942 4146 non
965 4105 980 4146 a
1002 4086 1110 4159 laurea,
1134 4106 1159 4147 v.
1175 4107 1204 4167 p.
1220 4087 1293 4165 150)
1316 4087 1475 4166 quudripn’s
1497 4104 1525 4146 ιι
1541 4105 1576 4158 ιι,
1599 4105 1668 4146 cum

312 4189 585 4267 frequentissimum
617 4188 655 4250 sit
681 4193 705 4249 is
732 4197 811 4250 certe
843 4188 874 4248 in
902 4188 960 4249 dal.
983 4189 1039 4252 abl.
1062 4190 1138 4269 plur.
1162 4191 1319 4262 secundae,
1351 4208 1419 4250 nam
1444 4188 1532 4250 dativi
1554 4188 1671 4250 ablativi

309 4292 385 4373 plur.
408 4286 520 4371 primae
548 4291 679 4371 exempla
707 4291 762 4352 alia
790 4309 850 4352 non
877 4290 1076 4352 inveniuntur.
1100 4326 1141 4337 -
1164 4293 1197 4353 lu
1226 4293 1328 4354 tertiae
1349 4291 1453 4373 plurali
1478 4295 1503 4352 is
1524 4290 1672 4370 reperitur

309 4395 340 4455 in
365 4394 424 4456 his:
447 4399 555 4475 opuntis
577 4412 609 4453 nr
624 4413 651 4468 ²3
674 4393 783 4455 curulis
804 4412 814 4452 1
844 4412 885 4467 ιι;
909 4397 1000 4455 omnis
1021 4413 1096 4469 vsn;
1121 4397 1217 4475 pluris
1239 4413 1303 4469 ιιι,
1326 4414 1400 4474 quse
1416 4393 1554 4456 vocabula
1570 4393 1669 4453 omnia

203 4505 207 4512 “
309 4496 475 4576 genetivum
503 4496 622 4578 pluralis
648 4499 778 4558 formant
799 4495 830 4556 in
852 4500 928 4565 sum:
959 4496 1009 4557 sed
1033 4516 1093 4558 nou
1115 4498 1222 4560 desunt
1244 4499 1321 4578 apud
1345 4499 1508 4576 Augustum
1531 4497 1595 4558 eius
1618 4515 1670 4557 or·

309 4600 387 4661 dinis
409 4600 547 4662 vocabula
570 4599 625 4661 alia
646 4601 845 4662 accusativum
867 4598 1004 4660 babentia
1029 4601 1059 4661 in
1083 4620 1124 4674 es,
1149 4611 1182 4662 ut
1196 4603 1296 4674 aedes,
1317 4602 1396 4681 sares,
1417 4613 1520 4680 pentes,
1543 4601 1668 4661 labemus

309 4711 364 4764 ccl.
388 4738 428 4748 —
451 4703 582 4765 Genetivi
604 4703 725 4784 pluralis
747 4704 893 4766 secundae
927 4703 1068 4765 contracti
1101 4704 1289 4783 reperiuntur
1310 4703 1356 4764 bi:
1385 4704 1548 4776 denom'um,
1573 4703 1667 4774 deum

308 4824 467 4880 nummum,
490 4810 657 4879 sestertium,
681 4806 806 4885 denique
829 4809 953 4869 rornsse
975 4810 1167 4877 triumvirum,
1191 4825 1258 4868 cram
1283 4825 1310 4866 ιι
1328 4825 1354 4866 ιι
1373 4805 1412 4866 sit
1427 4810 1608 4868 xvoirorum.
1624 4839 1667 4849 -
