3696 5430
286 349 379 406 XXIV

287 530 375 592 niano
407 529 569 610 adscriptae
596 537 665 590 sunt
693 529 866 591 ‘additiones
895 540 922 591 et
948 529 1155 591 emendationes
1182 529 1220 590 od
1245 527 1295 590 boc
1322 547 1450 592 marmor
1475 549 1513 591 eoo
1541 531 1638 592 obser-

288 635 448 696 uationibus
477 633 597 695 collectis
624 651 662 694 ac
687 631 766 693 illius
794 632 954 712 cpoprcplro
987 643 1051 695 ante
1074 650 1181 712 pancos
1210 650 1300 693 nonos
1327 631 1364 692 od
1389 635 1483 712 ipsum
1507 652 1639 697 marmor

288 739 425 818 descripto
447 755 466 798 o
488 736 644 798 sinodico
662 733 744 797 Gallo
760 733 784 795 T
782 736 963 815 asmodaeus
981 735 1048 814 (sic)
1069 746 1096 797 et
1110 734 1232 797 ecbibito
1247 733 1388 813 Smyrnae
1403 734 1514 816 Hrcpbr'o
1535 743 1642 800 rectori

286 861 357 912 rea,
387 860 405 902 c
431 859 485 921 pato
516 841 628 902 eosdem
654 859 717 901 sum
743 847 844 900 nactus
868 857 962 900 mense
983 837 1142 919 Septembri
1162 837 1309 898 ueremni
1352 838 1469 901 Cebrus
1491 839 1541 914 iis,
1565 860 1638 921 quae

288 945 323 1006 de
350 963 385 1006 eo
414 943 546 1024 exemplo
568 946 658 1004 refert
678 941 873 1023 Spanhemius
897 942 945 1018 (de
967 961 1025 1003 usu
1047 949 1076 1002 et
1098 948 1203 1022 praest.
1226 939 1366 1002 numism.
1390 942 1445 1004 rol.
1469 941 1497 1003 2.
1520 944 1639 1006 bruste-

287 1047 359 1109 laed.
386 1048 466 1108 1717
489 1065 518 1127 p.
534 1045 627 1123 362),
658 1054 777 1127 apparet
803 1045 875 1107 haec
901 1045 988 1106 rerba
1016 1064 1080 1107 esse
1105 1062 1166 1106 nnn
1189 1043 1373 1124 Spanhemii,
1403 1047 1453 1107 sed
1477 1046 1638 1122 Cbisbullii‚

287 1149 338 1230 qui
360 1158 516 1228 antequam
539 1156 764 1211 monumentum
781 1149 889 1222 ederet,
911 1147 1045 1210 Londinii
1072 1146 1238 1228 exemplum
1255 1147 1397 1228 scriptum
1418 1149 1639 1212 Tnurnetcrtia-

287 1272 359 1316 uum
394 1252 527 1315 exhibuit
555 1252 733 1332 Spanhemio
762 1252 846 1332 eique
873 1250 1057 1313 describendi
1085 1249 1147 1312 eius
1176 1249 1289 1330 copiam
1317 1252 1399 1326 ieoit;
1431 1273 1486 1314 nec
1512 1254 1639 1330 dubitari

287 1365 385 1440 potest
410 1356 482 1437 quin
504 1355 731 1417 Tourneboeufii
753 1354 873 1416 nomine
895 1354 1064 1434 designetur
1086 1353 1324 1427 Tournciortius,
1356 1374 1535 1436 quamquam
1557 1357 1639 1419 etin

287 1463 407 1525 nomine
437 1469 568 1523 erratum
598 1469 644 1522 est
672 1468 702 1521 et
723 1458 902 1521 Chisbullius
929 1459 986 1520 hoc
1014 1457 1133 1539 quidem
1162 1456 1225 1518 loco
1253 1458 1418 1538 exemplum
1441 1479 1473 1520 se
1494 1461 1639 1541 accepisse

287 1567 390 1629 scribit
411 1584 463 1646 per
485 1563 633 1644 Hughium
656 1583 681 1624 a.
700 1562 790 1637 1708,
813 1580 881 1624 cum
905 1562 936 1623 in
956 1561 1033 1624 libro
1055 1562 1134 1624 edito
1156 1569 1256 1622 narret
1277 1560 1375 1641 ipsum
1398 1562 1637 1626 'l‘ournetcrtium

287 1670 317 1731 id
340 1668 395 1731 sibi
416 1666 529 1730 dedisse
551 1685 577 1727 a.
595 1667 685 1727 1701.
702 1701 741 1709 —-
758 1665 897 1747 Exempla
918 1665 1007 1746 igitur
1028 1665 1170 1727 babemus
1186 1665 1428 1728 Tournetortiana
1447 1667 1492 1728 rel
1507 1668 1531 1728 si
1548 1670 1639 1731 maris

289 1772 486 1835 Cbisbulliana
513 1770 584 1843 duo,
615 1769 757 1850 scriptum
781 1768 952 1850 Spanbemii
974 1778 1004 1830 et
1025 1769 1137 1831 editum
1160 1768 1236 1848 apud
1258 1768 1462 1832 Chisbullium.
1507 1770 1544 1833 Et
1569 1773 1640 1835 illud

288 1876 405 1957 quidem
435 1891 612 1954 quamquam
647 1871 821 1953 quibusdam
855 1873 925 1934 locis
959 1879 1088 1953 praestat
1120 1871 1266 1953 prioribus
1296 1873 1343 1952 (ut
1366 1873 1394 1944 4,
1418 1873 1458 1933 52
1485 1873 1640 1938 inanest

288 1981 354 2054 xxc)
379 1978 511 2058 duosque
533 1978 612 2039 locos
635 1977 760 2039 maiores
783 1975 811 2050 2,
835 1974 969 2037 21-32.
994 1978 1022 2050 5,
1039 1975 1165 2037 50-54
1187 1975 1275 2037 adicit
1289 1993 1305 2036 a
1319 1975 1466 2056 prioribus
1482 1978 1638 2058 neglectos,

289 2092 387 2145 umen
414 2082 498 2161 longe
527 2079 648 2142 interius
675 2088 722 2142 est
743 2079 912 2142 Lucasiano.
955 2079 1029 2141 Nam
1058 2089 1092 2141 ut
1120 2079 1272 2141 mittamus
1294 2097 1432 2141 versuum
1456 2081 1490 2142 ad
1514 2081 1640 2163 lapidem

289 2185 440 2251 divisionis
469 2184 545 2265 apud
567 2183 777 2264 Spanhemium
808 2192 886 2245 certe
913 2183 1065 2264 vestigium
1093 2181 1208 2244 nullum
1231 2181 1366 2262 reperiri,
1393 2183 1494 2262 quiid
1517 2186 1639 2266 excepit,

288 2309 349 2353 non
371 2297 430 2350 tarn
452 2287 578 2367 lapidem
602 2287 698 2349 denuc
719 2287 874 2368 descripsit
895 2306 983 2366 qnam
1006 2285 1172 2349 emendarit
1192 2286 1358 2365 exemplum
1375 2286 1588 2351 Caesonianum
1611 2298 1640 2352 et

287 2395 317 2456 id
345 2392 463 2474 quidem
494 2391 670 2470 quibusdam
701 2391 771 2453 locis
802 2410 838 2452 ex
865 2390 1031 2453 coniectura
1060 2389 1151 2470 magis
1178 2408 1265 2471 quam
1289 2409 1325 2451 ex
1346 2390 1456 2470 lapide:
1484 2391 1524 2453 ita
1547 2394 1576 2467 4,
1599 2392 1639 2454 23

288 2515 422 2559 nrrsscrr
444 2503 543 2576 aperte
566 2494 716 2558 descendit
739 2513 772 2556 er
788 2493 966 2557 Cossoniano
989 2513 1127 2566 insessis,
1150 2513 1217 2555 cum
1240 2493 1270 2554 in
1293 2492 1387 2574 lapide
1409 2494 1448 2556 sit
1464 2515 1514 2557 nst
1527 2528 1535 2544 ·
1548 2515 1641 2558 ssssr.

289 2601 386 2674 Quare
408 2598 530 2661 buiusce
552 2598 677 2679 exempli
699 2598 859 2660 auctoritas
881 2599 983 2679 exigua
1005 2606 1063 2672 est,
1092 2596 1202 2660 utilitas
1224 2596 1311 2658 hodie
1334 2597 1382 2660 rix
1402 2598 1469 2659 nlla.
1492 2633 1534 2642 —-
1555 2598 1640 2660 Gbis-

288 2704 452 2767 bullianum
484 2703 625 2776 alterum,
654 2701 684 2763 id
714 2711 760 2764 est
784 2702 821 2763 ab
846 2701 910 2783 ipso
932 2703 1043 2764 editum
1066 2702 1144 2763 varia
1167 2700 1291 2763 lectione
1313 2701 1391 2763 nulla
1413 2703 1564 2775 adnotata,
1593 2723 1641 2766 se-

289 2809 416 2871 cundum
440 2826 474 2869 ea
496 2826 570 2886 quae
585 2806 713 2868 diximus
728 2805 886 2868 credideris
902 2807 1029 2886 pendere
1044 2815 1096 2868 aut
1110 2824 1146 2866 ex
1161 2804 1414 2879 Tournetortiano,
1437 2806 1521 2887 quale
1537 2807 1641 2887 legitur

288 2911 365 2993 apud
393 2909 623 2992 spanhemium,
652 2919 704 2971 aut
730 2929 765 2971 ex
793 2909 879 2971 editis
900 2916 999 2982 antea,
1028 2909 1125 2989 itaque
1147 2908 1331 2970 abiciendum
1354 2927 1428 2982 esse,
1452 2928 1519 2971 eum
1542 2921 1640 2973 extent

289 3015 435 3095 exempla,
464 3033 499 3075 ex
528 3012 635 3092 quibus
662 3013 755 3074 tinxit.
798 3013 834 3073 bt
860 3032 892 3074 re
920 3014 1066 3094 explorata
1094 3031 1178 3074 secus
1207 3030 1271 3072 esse
1293 3010 1432 3091 comperi.
1475 3011 1548 3074 Nam
1572 3033 1639 3076 cum

288 3120 427 3200 pleraque
449 3135 507 3197 quo
529 3124 647 3178 auctore
669 3116 700 3176 in
723 3115 849 3177 editione
865 3114 1043 3177 Cbisbnllius
1064 3113 1196 3196 posuerit
1214 3113 1296 3176 facile
1312 3113 1506 3194 intellegatur,
1529 3127 1640 3180 restant

289 3221 430 3302 quaedam
452 3221 530 3300 apud
552 3237 630 3292 aum,
653 3237 727 3300 quae
750 3237 844 3298 neqtte
866 3219 896 3280 in
921 3219 978 3280 ullo
1001 3228 1140 3298 quattuor
1162 3217 1363 3298 exemplorum
1386 3218 1545 3298 Busbequii
1567 3220 1640 3282 Cos-

289 3324 365 3388 sunii
388 3323 483 3385 bucae
506 3322 722 3404 Spanbemiano
749 3323 873 3384 redeunt
900 3341 954 3384 nec
983 3330 1060 3384 recte
1089 3321 1272 3384 coniecturae
1298 3321 1528 3400 neglegentiaeve
1552 3323 1640 3386 tribui

289 3436 424 3509 possunt.
467 3424 531 3488 Non
560 3425 624 3489 dico
651 3427 743 3500 locos,
770 3427 869 3506 quales
900 3436 972 3488 sunt
996 3428 1023 3498 1,
1046 3425 1100 3500 23,
1124 3426 1174 3488 ubi
1203 3443 1320 3487 rsassm
1343 3424 1522 3487 Cbishullius
1551 3427 1641 3490 edidit

288 3538 381 3603 reete,
410 3547 477 3590 cum
501 3517 698 3610 spanhemius
725 3530 830 3591 babeat
859 3549 967 3592 rsassn
995 3530 1116 3592 omnino
1138 3549 1172 3591 er
1196 3547 1294 3590 errore
1315 3527 1393 3589 inter
1415 3528 1639 3594 describendum

289 3631 462 3706 commisso,
494 3642 523 3694 et
556 3632 589 3706 3,
622 3635 669 3694 15.
704 3635 741 3706 4,
770 3635 824 3707 17,
854 3634 903 3696 ubi
933 3653 1016 3696 aerae
1044 3633 1196 3696 Chishullii
1224 3631 1363 3694 lectiones
1391 3651 1583 3695 consvt·xn
1611 3644 1641 3697 et

290 3758 356 3800 nvo
369 3768 377 3786 ·
390 3756 425 3798 ετ
448 3736 613 3798 coniectura
639 3735 759 3817 reperiri
782 3746 951 3817 potuerunt.
995 3739 1033 3799 bt
1054 3737 1229 3818 principium
1254 3735 1368 3797 tabulae
1390 3745 1487 3799 sextae
1510 3757 1577 3800 cum
1600 3739 1640 3800 ita

289 3841 461 3904 exhibeatur
483 3841 560 3922 apud
582 3839 791 3903 Cbishullium:

957 3997 1105 4039 attraxit

736 4084 794 4124 Μ’·
807 4084 881 4125 Tibi.
895 4113 902 4128 .
916 4114 922 4128 .
937 4111 944 4126 .
960 4083 1055 4125 ORVM

891 4171 955 4212 PAR
984 4167 1112 4212 EORVM

829 4256 868 4296 tn
879 4271 887 4288 ·
900 4255 1047 4297 trentam
1060 4269 1066 4284 ·
1081 4255 1156 4298 NON

803 4341 948 4383 SVORVlI·
965 4341 1133 4384 PlGNORA

857 4378 1042 4495 stanit-ins
1055 4440 1061 4455 ·
1076 4429 1159 4470 rtttrt

291 4579 323 4622 ea
351 4578 425 4638 quae
448 4568 519 4621 sunt
540 4569 607 4622 ante
629 4560 765 4622 lineolam
788 4560 911 4622 cursivis
931 4559 1038 4622 litteris
1060 4580 1196 4642 expiressa
1219 4581 1272 4624 nec
1294 4562 1519 4625 Tournetnrtius
1543 4564 1637 4644 Span-

289 4663 443 4725 hemianus
473 4663 561 4726 babet
588 4682 641 4725 nec
667 4663 775 4738 Lucam
805 4664 929 4744 denique
954 4682 991 4725 nc
1013 4665 1209 4726 recentiorum
1232 4664 1349 4745 quidem
1372 4666 1526 4747 quisquam
1550 4668 1639 4740 ridit;

290 4776 419 4830 attamen
443 4768 483 4830 ita
505 4777 669 4848 comparata
692 4778 760 4830 sunt
782 4778 812 4831 et
833 4768 871 4830 ita
894 4767 1073 4830 conveniunt
1094 4788 1160 4830 curn
1184 4769 1421 4850 interpretatione
1444 4769 1550 4832 Graeca
1572 4778 1639 4851 post
