3656 5444
343 355 385 420 82
947 351 996 420 lv,
1018 354 1086 409 1-8

342 531 486 606 tradatur,
514 529 680 594 coniectura
707 531 743 593 de
770 551 805 594 eo
832 532 971 613 capienda
997 542 1043 596 441
1069 553 1105 595 ex
1126 530 1257 595 laterculi
1288 531 1377 595 buius
1411 533 1527 606 ordine,
1554 533 1583 594 id
1612 534 1690 613 quod

342 636 419 698 cadit
441 635 530 699 etiam
550 635 582 697 in
604 635 731 698 aedificia
753 635 864 715 reliqua
885 635 916 698 in
938 655 973 698 eo
995 635 1154 710 nominata,
1177 636 1212 698 de
1233 635 1342 716 quibus
1363 634 1437 698 nihil
1458 637 1603 700 adnotavi.

440 740 528 804 Aedes
556 738 669 802 borum
696 743 729 802 414
754 759 867 802 summe
893 759 977 804 44444
1003 743 1060 803 oio.
1110 741 1153 803 Cl.
1173 740 1284 803 Becker
1312 749 1371 823 top.
1392 762 1420 823 p.
1444 743 1501 803 101
1530 749 1561 804 et
1581 740 1691 804 Preller

340 845 432 927 myth.
448 844 532 906 llom.
548 864 576 926 p.
593 844 654 906 497
676 869 718 898 =
741 843 770 918 2,
795 845 854 906 115
877 853 909 907 et
929 852 1049 926 propter
1070 844 1158 906 Lares
1180 846 1288 908 Graece
1303 840 1411 932 ἥρωας
1424 865 1499 926 quae
1513 846 1690 908 adnotantur

339 947 375 1010 ad
397 948 428 1010 C.
443 948 465 1009 l.
482 947 515 1008 L.
530 946 571 1022 ll,
594 946 677 1008 3737
700 955 730 1009 41
751 949 827 1029 apud
842 947 1002 1012 Prellerum
1026 949 1117 1030 myth.
1133 948 1172 1009 2²
1197 968 1224 1030 p.
1248 949 1318 1011 102.
1354 949 1449 1012 114144
1471 949 1551 1012 aedis
1570 949 1688 1012 titulum

337 1071 402 1114 4444
417 1051 542 1114 credidit
556 1049 723 1113 Chishullus
737 1051 959 1134 inscriptionem
975 1051 1006 1115 C.
1021 1052 1068 1129 Vl,
1084 1054 1146 1116 456
1159 1079 1203 1108 --
1218 1053 1305 1116 Orell.
1323 1051 1414 1128 1668,
1429 1071 1518 1133 qoam
1534 1053 1585 1134 qui
1601 1052 1689 1133 origi-

338 1175 405 1218 nem
429 1155 492 1218 4144
514 1154 595 1217 44144
617 1154 745 1236 prodidit
758 1154 883 1220 Ursinus
904 1156 934 1217 in
950 1155 1072 1219 Palatini
1095 1157 1205 1220 montis
1219 1158 1256 1220 ad
1270 1160 1368 1219 lorum
1383 1157 1528 1220 descensu
1542 1166 1687 1238 repertam

338 1279 402 1322 esse
431 1259 548 1322 scribit:
576 1258 697 1322 1411144
720 1259 841 1340 publicio
870 1279 984 1323 4444444
1010 1259 1202 1341 imponerer
1222 1261 1364 1342 depastae
1386 1259 1522 1341 pontificu
1542 1259 1689 1320 41446444

338 1365 469 1428 tridento.
482 1375 612 1445 potestat.
628 1383 719 1424 srnn
733 1382 771 1426 ea
784 1368 863 1445 stipe,
875 1383 961 1446 44444
971 1363 1096 1444 populus
1110 1369 1138 1427 ei
1147 1364 1263 1426 44414111
1276 1365 1303 1426 lc.
1316 1362 1437 1427 lcooor.
1450 1366 1561 1444 apsenti
1571 1360 1602 1423 0.
1618 1359 1688 1422 Col-

336 1467 528 1531 4141484ὺὶ44
549 1468 578 1532 1.
594 1468 724 1530 Passieno
745 1466 824 1547 Ruso
846 1487 900 1530 444.
923 1466 967 1546 (4.
983 1485 1008 1528 4.
1025 1466 1109 1547 750).
1147 1467 1276 1528 Eandem
1292 1465 1384 1529 basim
1402 1465 1519 1529 stetisse
1534 1463 1590 1528 sub
1605 1463 1688 1543 signo

336 1571 433 1652 aliquo
455 1571 487 1635 in
508 1572 578 1634 aede
600 1571 708 1634 Larum
731 1571 862 1634 dedicato
884 1570 1054 1634 existimant
1067 1570 1212 1633 Prellerus
1236 1574 1307 1650 (reg.
1323 1590 1352 1652 p.
1368 1569 1407 1632 81
1430 1573 1506 1648 not)
1529 1578 1559 1631 et
1573 1567 1608 1629 ad
1622 1568 1652 1629 h.
1667 1566 1687 1627 l.

336 1674 491 1756 Zumptius
513 1676 616 1738 collato
644 1675 707 1737 loco
737 1674 914 1738 Suetoniano
940 1675 1013 1754 Aug.
1035 1676 1092 1736 57:
1122 1693 1216 1736 omnes
1239 1673 1351 1736 44411444
1372 1675 1400 1736 lc.
1423 1673 1487 1736 lon.
1510 1673 1689 1734 4144444414

338 1779 476 1860 Capitolio
498 1784 582 1844 edom
603 1781 713 1842 4644411
731 1777 955 1859 (contulerunt),
977 1798 1015 1841 em
1037 1798 1093 1860 poe
1112 1797 1225 1842 summo
1245 1780 1447 1860 prdicdsdmo
1462 1776 1582 1838 deorum
1596 1779 1687 1837 41414-

335 1882 416 1944 lccro
430 1894 571 1946 mercatus
591 1886 704 1946 41441144
727 1883 881 1956 dedicabat,
902 1880 1502 1963 4114416441644141144414441444414114
1521 1879 1687 1960 trapoedum

334 1985 456 2068 olioqace.
494 1986 564 2049 llihi
586 1996 691 2049 neutra
714 1986 810 2069 opinio
833 2004 900 2048 vera
923 1985 1045 2060 ridetur,
1069 2003 1246 2066 quamquam
1265 2003 1325 2047 non
1342 1966 1416 2065 nepo
1431 1990 1509 2045 recte
1524 1982 1685 2044 Prellerum

335 2089 564 2172 Zumptiumque
583 2090 678 2153 basim
692 2091 768 2153 hano
783 2089 930 2153 rettulisse
945 2089 980 2152 ad
997 2098 1160 2152 statuarum
1176 2107 1276 2150 earum
1292 2088 1429 2168 aliquam,
1453 2086 1488 2148 de
1503 2086 1611 2166 quibus
1625 2087 1645 2148 l.
1660 2106 1685 2148 4.

337 2194 497 2257 Suetonius
519 2194 598 2258 dicit.
642 2193 716 2257 Nam
740 2194 766 2256 si
788 2193 858 2274 quid
880 2194 972 2268 video,
997 2193 1111 2256 vicatim
1134 2192 1266 2255 dedicare
1288 2210 1348 2254 non
1370 2201 1415 2254 est
1436 2191 1494 2254 nisi
1516 2210 1685 2254 consecrare

334 2297 457 2361 Laribus
479 2298 613 2379 publicis,
636 2317 704 2361 cum
727 2297 782 2360 vici
803 2297 958 2360 luerintin
975 2297 1065 2360 tutela
1080 2296 1199 2360 Larum.
1244 2296 1405 2359 Confirmat
1418 2295 1447 2359 id
1464 2296 1567 2359 titulus
1583 2295 1685 2358 41441114
1790 2325 1791 2330 1

334 2421 359 2464 4.
376 2404 437 2463 745
453 2403 566 2483 positus
582 2402 731 2465 dedicatus
742 2400 869 2464 Volcano
887 2401 969 2482 (6.1.
985 2400 1016 2462 L.
1033 2401 1080 2476 Vl,
1102 2402 1195 2479 457);
1216 2417 1284 2462 nam
1301 2418 1368 2462 cum
1384 2401 1538 2480 magistros
1553 2399 1685 2462 vicorum

333 2505 500 2586 Larumque
515 2506 665 2584 Augustus
680 2483 756 2566 circa
771 2524 796 2567 a.
813 2506 874 2566 747
889 2504 1052 2567 1446144411
1065 2504 1105 2586 (r.
1122 2504 1153 2566 C.
1165 2505 1186 2566 l.
1203 2503 1236 2565 b.
1252 2503 1298 2578 Vl,
1314 2505 1387 2575 4541
1402 2503 1500 2584 itaque
1515 2522 1575 2566 nou
1591 2505 1684 2566 olien-

333 2609 392 2683 1141,
414 2609 493 2689 quod
515 2609 546 2670 in
568 2609 631 2672 basi
653 2629 678 2671 a.
695 2610 755 2670 745
778 2609 867 2671 Lares
888 2607 998 2690 publici
1019 2627 1079 2670 non
1101 2609 1300 2682 nominantur,
1322 2608 1511 2671 inveniuntur
1532 2615 1630 2670 autem
1651 2607 1683 2669 in

332 2714 421 2776 altera
435 2733 461 2775 a.
478 2713 549 2786 750,
573 2713 660 2775 etiam
676 2712 796 2774 Vulcani
817 2713 915 2774 cultos
934 2721 968 2774 ut
988 2712 1121 2774 omnium
1141 2711 1299 2774 numinum
1314 2731 1388 2791 quae
1403 2721 1537 2774 arcerent
1550 2711 1683 2774 incendia

332 2837 420 2898 qnam
444 2816 570 2880 maxime
593 2815 629 2877 ad
644 2815 722 2877 vicos
737 2814 881 2897 pertinuit
896 2815 997 2896 (Orell.
1016 2815 1096 2879 1385
1110 2816 1178 2896 sep).
1210 2817 1306 2889 Quare
1320 2834 1416 2896 neque
1431 2815 1551 2878 Vulcani
1565 2815 1681 2896 signum

331 2922 404 2984 baec
425 2921 502 2983 basis
524 2938 620 2999 neque
634 2919 742 2981 Larum
764 2919 811 2981 1114
834 2919 976 2982 sustinuit
997 2938 1093 3000 neque
1114 2919 1186 2982 adeo
1209 2927 1355 2981 steterunt
1375 2920 1406 2981 in
1427 2919 1547 2982 aedibus
1562 2917 1682 2982 Vulcani

331 3024 484 3098 14444444,
508 3024 558 3086 4411
580 3024 617 3084 46
639 3022 766 3104 compito
787 3023 919 3086 vicorum
942 3023 1041 3086 nescio
1063 3042 1189 3102 quorum
1212 3023 1294 3103 signa
1315 3023 1442 3105 pretiosa
1462 3023 1532 3086 olim
1548 3024 1681 3087 sustinu-

330 3137 426 3192 erunt.
471 3128 605 3201 Quonam
633 3137 732 3190 autem
760 3134 890 3208 tempore
917 3127 1016 3190 aedem
1040 3125 1148 3189 Larum
1170 3128 1321 3206 Augustus
1345 3126 1493 3201 refecerit,
1521 3127 1681 3209 ignoratur.

330 3249 385 3293 nec
399 3229 491 3310 magis
506 3238 614 3292 retecta
628 3229 696 3293 11441
710 3248 827 3293 summa
842 3247 922 3292 sacra
937 3229 983 3292 414
997 3231 1103 3293 rudera
1119 3230 1176 3293 ulla
1189 3229 1253 3292 eius
1267 3230 1363 3293 adbuc
1377 3231 1495 3312 agnosci
1510 3241 1680 3312 potuerunt.

430 3334 516 3397 Aedes
538 3334 622 3396 decem
640 3333 790 3397 Penatium
810 3336 841 3396 14
861 3333 949 3396 14114.
987 3333 1029 3396 61.
1045 3335 1156 3396 Becker
1177 3354 1205 3416 p.
1222 3333 1293 3396 246.
1330 3335 1402 3397 Eam
1417 3336 1584 3416 Augustum
1605 3340 1682 3398 rele-

330 3439 405 3502 oisse
432 3437 502 3501 binc
529 3446 643 3500 tantum
671 3437 878 3519 comperimus.
923 3437 1077 3519 Dionysius
1104 3447 1202 3501 autem
1232 3457 1321 3519 quam
1350 3439 1406 3502 sihi
1431 3441 1521 3502 risam
1544 3439 1683 3502 describit

328 3542 429 3604 aedem
452 3539 541 3603 deum
564 3539 718 3604 Penatium
744 3543 771 3616 1,
795 3540 845 3616 68,
869 3551 953 3604 vetus
974 3541 1040 3615 luit,
1063 3560 1123 3604 nou
1145 3542 1182 3605 ab
1203 3541 1336 3622 Augusto
1358 3542 1529 3606 instaurata.

429 3645 516 3708 Aedes
541 3643 703 3710 1444414114.
748 3643 919 3710 6111441444
946 3665 975 3727 p.
991 3644 1062 3707 473.
1105 3644 1170 3708 Una
1197 3653 1313 3709 tantum
1340 3645 1481 3709 14114144
1504 3647 1574 3709 deae
1596 3647 1681 3709 aedes

329 3750 440 3812 Romae
471 3749 503 3811 in
529 3750 607 3811 circo
635 3748 764 3811 maximo
792 3749 922 3812 dedicata
945 3750 1047 3812 eodem
1074 3767 1166 3824 anno,
1194 3769 1253 3831 quo
1276 3749 1375 3812 Matris
1398 3768 1519 3830 magnae
1541 3750 1680 3830 Palatina,

330 3875 359 3917 4.
376 3875 401 3917 4.
418 3852 480 3916 563
503 3849 645 3932 (111436,
668 3852 739 3934 36);
766 3872 834 3917 nam
863 3854 894 3916 in
921 3873 1043 3918 censum
1071 3873 1131 3917 non
1154 3854 1235 3916 venit
1256 3854 1385 3916 aedicula
1406 3853 1579 3929 1444414114,
1607 3872 1681 3934 quae

329 3966 392 4020 erat
412 3955 444 4018 in
467 3953 608 4036 Capitolio
630 3953 661 4017 in
683 3954 804 4018 delubro
826 3957 972 4020 Minervae
989 3958 1111 4034 (becker
1132 3977 1160 4038 p.
1177 3957 1249 4032 397,
1271 3957 1322 4020 ubi
1344 3957 1418 4020 adde
1432 3956 1548 4038 Dionys.
1564 3959 1594 4031 4,
1619 3957 1679 4039 15).

327 4059 407 4122 Μ444
430 4077 529 4121 errore
552 4076 587 4119 ex
609 4057 666 4120 boc
687 4059 892 4123 commentarii
905 4059 1051 4143 boemani
1073 4062 1137 4123 loco
1158 4063 1255 4125 4114411
1270 4061 1434 4144 Zumptius,
1457 4079 1546 4142 quem
1562 4069 1680 4124 secutus

327 4173 372 4227 est
392 4163 538 4225 Pnellerus
560 4162 652 4243 myth.
668 4160 754 4224 llom.
770 4183 798 4244 p.
815 4163 877 4226 234
892 4189 935 4218 --·
951 4165 978 4240 1,
1001 4163 1073 4240 262,
1097 4183 1161 4226 eam
1183 4183 1272 4245 quam
1287 4164 1389 4228 1444411
1402 4166 1553 4245 Augustus
1573 4166 1681 4228 luren-

328 4267 394 4330 tatis
426 4267 527 4330 aedem
558 4265 649 4328 141444
676 4266 707 4328 in
735 4266 854 4330 Palatio.
905 4267 969 4346 lgni
998 4277 1173 4350 consumpta
1201 4277 1247 4332 est
1273 4269 1358 4332 aedes
1384 4269 1544 4332 1444414114
1572 4289 1597 4332 4.
1619 4267 1679 4330 736

326 4371 466 4453 postridie
489 4372 551 4435 eius
574 4369 641 4445 diei,
663 4390 722 4451 quo
736 4373 887 4452 Augustus
902 4371 1095 4452 Tiberiusque
1115 4372 1536 4450 444414411444411111454,
1554 4373 1621 4455 19);
1643 4374 1679 4436 de

325 4475 511 4539 restitutione
532 4477 596 4538 eius
618 4483 767 4556 praeterea
789 4476 862 4538 nihil
884 4475 1023 4539 traditum
1047 4476 1222 4559 accepimus.

426 4581 513 4643 Aedes
535 4580 638 4644 Matris
657 4580 777 4661 Mcpnoe
798 4585 829 4642 411
845 4581 964 4644 Palatio.
1001 4582 1044 4644 Cl.
1061 4580 1171 4643 becker
1192 4602 1221 4664 p.
1238 4582 1310 4645 421.
1340 4583 1479 4646 lucendio
1501 4591 1678 4662 consumpta
1790 4614 1791 4646 t

324 4703 350 4747 a.
367 4685 429 4747 756
452 4685 615 4768 (11411144.
634 4686 661 4760 1,
686 4683 715 4760 8,
734 4688 787 4762 11;
809 4689 846 4748 41.
862 4685 916 4748 1114
932 4685 982 4762 55,
1007 4685 1317 4767 12418441441144.
1334 4684 1387 4767 37)
1411 4705 1478 4750 mox
1493 4687 1530 4749 ab
1545 4687 1678 4766 Augusto

324 4791 432 4854 retecta
455 4797 508 4854 441.
