<?xml version="1.0" encoding="UTF-8"?>
<!DOCTYPE html PUBLIC "-//W3C//DTD XHTML 1.0 Transitional//EN"
    "http://www.w3.org/TR/xhtml1/DTD/xhtml1-transitional.dtd">
<html xmlns="http://www.w3.org/1999/xhtml" xml:lang="en" lang="en">
 <head>
  <title>
</title>
<meta http-equiv="Content-Type" content="text/html;charset=utf-8" />
  <meta name='ocr-system' content='tesseract 3.04.00' />
  <meta name='ocr-capabilities' content='ocr_page ocr_carea ocr_par ocr_line ocrx_word'/>
</head>
<body>
  <div class='ocr_page' id='page_1' title='image "./resgestaediviau00augugoog_0025.png"; bbox 0 0 3696 5430; ppageno 0'>
   <div class='ocr_carea' id='block_1_1' title="bbox 740 643 1217 712">
    <p class='ocr_par' dir='ltr' id='par_1_1' title="bbox 740 643 1217 712">
     <span class='ocr_line' id='line_1_1' title="bbox 740 643 1217 712; baseline -0.004 -14"><span class='ocrx_word' id='word_1_1' title='bbox 740 645 931 699; x_wconf 82' lang='lat' dir='ltr'>axenrnvn</span> <span class='ocrx_word' id='word_1_2' title='bbox 951 643 1217 712; x_wconf 81' lang='lat' dir='ltr'>nvssuovmnvu.</span> 
     </span>
    </p>
   </div>
   <div class='ocr_carea' id='block_1_2' title="bbox 275 787 1681 1473">
    <p class='ocr_par' dir='ltr' id='par_1_2' title="bbox 275 787 1681 1287">
     <span class='ocr_line' id='line_1_2' title="bbox 276 787 1681 870; baseline 0 -17"><span class='ocrx_word' id='word_1_3' title='bbox 276 810 377 853; x_wconf 90' lang='lat' dir='ltr'>rerum</span> <span class='ocrx_word' id='word_1_4' title='bbox 412 800 559 870; x_wconf 89' lang='lat' dir='ltr'>gestarum</span> <span class='ocrx_word' id='word_1_5' title='bbox 594 789 654 851; x_wconf 92' lang='lat' dir='ltr'>diui</span> <span class='ocrx_word' id='word_1_6' title='bbox 687 788 803 868; x_wconf 77' lang='lat' dir='ltr'>augusti</span> <span class='ocrx_word' id='word_1_7' title='bbox 836 788 942 869; x_wconf 89' lang='lat' dir='ltr'>quibus</span> <span class='ocrx_word' id='word_1_8' title='bbox 975 787 1076 850; x_wconf 91' lang='lat' dir='ltr'>orbem</span> <span class='ocrx_word' id='word_1_9' title='bbox 1108 799 1252 849; x_wconf 91' lang='lat' dir='ltr'>terrarum</span> <span class='ocrx_word' id='word_1_10' title='bbox 1285 788 1408 868; x_wconf 91' lang='lat' dir='ltr'>imperio</span> <span class='ocrx_word' id='word_1_11' title='bbox 1435 790 1535 870; x_wconf 93' lang='lat' dir='ltr'>populi</span> <span class='ocrx_word' id='word_1_12' title='bbox 1563 793 1681 853; x_wconf 90' lang='lat' dir='ltr'>romani</span> 
     </span>
     <span class='ocr_line' id='line_1_3' title="bbox 276 891 1678 976; baseline -0.002 -18"><span class='ocrx_word' id='word_1_13' title='bbox 276 895 400 958; x_wconf 89' lang='lat' dir='ltr'>subiecit</span> <span class='ocrx_word' id='word_1_14' title='bbox 414 903 444 956; x_wconf 91' lang='lat' dir='ltr'>et</span> <span class='ocrx_word' id='word_1_15' title='bbox 457 894 657 976; x_wconf 89' lang='lat' dir='ltr'>impensarum</span> <span class='ocrx_word' id='word_1_16' title='bbox 673 912 746 973; x_wconf 92' lang='lat' dir='ltr'>quas</span> <span class='ocrx_word' id='word_1_17' title='bbox 760 893 791 953; x_wconf 93' lang='lat' dir='ltr'>in</span> <span class='ocrx_word' id='word_1_18' title='bbox 805 910 868 955; x_wconf 92' lang='lat' dir='ltr'>rem</span> <span class='ocrx_word' id='word_1_19' title='bbox 884 892 1029 973; x_wconf 82' lang='lat' dir='ltr'>publicam</span> <span class='ocrx_word' id='word_1_20' title='bbox 1046 891 1246 972; x_wconf 82' lang='lat' dir='ltr'>populumque</span> <span class='ocrx_word' id='word_1_21' title='bbox 1261 909 1417 952; x_wconf 91' lang='lat' dir='ltr'>romanum</span> <span class='ocrx_word' id='word_1_22' title='bbox 1433 892 1502 953; x_wconf 86' lang='lat' dir='ltr'>lecit</span> <span class='ocrx_word' id='word_1_23' title='bbox 1516 892 1678 955; x_wconf 86' lang='lat' dir='ltr'>incisarum</span> 
     </span>
     <span class='ocr_line' id='line_1_4' title="bbox 275 994 1678 1077; baseline -0.001 -18"><span class='ocrx_word' id='word_1_24' title='bbox 275 999 306 1060; x_wconf 93' lang='lat' dir='ltr'>in</span> <span class='ocrx_word' id='word_1_25' title='bbox 352 998 464 1060; x_wconf 92' lang='lat' dir='ltr'>duabus</span> <span class='ocrx_word' id='word_1_26' title='bbox 508 996 643 1059; x_wconf 91' lang='lat' dir='ltr'>ahaeneis</span> <span class='ocrx_word' id='word_1_27' title='bbox 686 996 752 1077; x_wconf 93' lang='lat' dir='ltr'>pilis</span> <span class='ocrx_word' id='word_1_28' title='bbox 794 1015 867 1076; x_wconf 87' lang='lat' dir='ltr'>quae</span> <span class='ocrx_word' id='word_1_29' title='bbox 904 1004 975 1058; x_wconf 90' lang='lat' dir='ltr'>sunt</span> <span class='ocrx_word' id='word_1_30' title='bbox 1011 996 1139 1073; x_wconf 77' lang='lat' dir='ltr'>romae¹l</span> <span class='ocrx_word' id='word_1_31' title='bbox 1178 994 1290 1076; x_wconf 76' lang='lat' dir='ltr'>positae</span> <span class='ocrx_word' id='word_1_32' title='bbox 1327 995 1475 1075; x_wconf 82' lang='lat' dir='ltr'>exemplar</span> <span class='ocrx_word' id='word_1_33' title='bbox 1511 995 1678 1057; x_wconf 91' lang='lat' dir='ltr'>subiectum</span> 
     </span>
     <span class='ocr_line' id='line_1_5' title="bbox 313 1097 1679 1180; baseline -0.003 -16"><span class='ocrx_word' id='word_1_34' title='bbox 313 1104 366 1176; x_wconf 84' lang='lat'>1‚1</span> <span class='ocrx_word' id='word_1_35' title='bbox 397 1121 490 1164; x_wconf 91' lang='lat' dir='ltr'>anuos</span> <span class='ocrx_word' id='word_1_36' title='bbox 526 1099 710 1180; x_wconf 90' lang='lat' dir='ltr'>undeuiginti</span> <span class='ocrx_word' id='word_1_37' title='bbox 744 1109 831 1162; x_wconf 90' lang='lat' dir='ltr'>natus</span> <span class='ocrx_word' id='word_1_38' title='bbox 862 1100 1021 1162; x_wconf 79' lang='lat' dir='ltr'>exercitum</span> <span class='ocrx_word' id='word_1_39' title='bbox 1051 1097 1167 1180; x_wconf 87' lang='lat' dir='ltr'>priuato</span> <span class='ocrx_word' id='word_1_40' title='bbox 1196 1097 1318 1160; x_wconf 91' lang='lat' dir='ltr'>consilio</span> <span class='ocrx_word' id='word_1_41' title='bbox 1344 1107 1374 1160; x_wconf 91' lang='lat' dir='ltr'>et</span> <span class='ocrx_word' id='word_1_42' title='bbox 1402 1100 1517 1179; x_wconf 88' lang='lat' dir='ltr'>priuata</span> <span class='ocrx_word' id='word_1_43' title='bbox 1544 1099 1679 1180; x_wconf 85' lang='lat' dir='ltr'>impensa</span> 
     </span>
     <span class='ocr_line' id='line_1_6' title="bbox 403 1201 1677 1287; baseline -0.001 -21"><span class='ocrx_word' id='word_1_44' title='bbox 403 1205 572 1287; x_wconf 92' lang='lat' dir='ltr'>comparaui</span> <span class='ocrx_word' id='word_1_45' title='bbox 594 1214 697 1284; x_wconf 89' lang='lat' dir='ltr'>terque</span> <span class='ocrx_word' id='word_1_46' title='bbox 719 1223 749 1265; x_wconf 92' lang='lat' dir='ltr'>m</span> <span class='ocrx_word' id='word_1_47' title='bbox 752 1249 1295 1265; x_wconf 91' lang='grc'><strong>..................</strong></span> <span class='ocrx_word' id='word_1_48' title='bbox 1349 1201 1484 1265; x_wconf 80' lang='lat' dir='ltr'><strong>factionis</strong></span> <span class='ocrx_word' id='word_1_49' title='bbox 1506 1223 1677 1284; x_wconf 90' lang='lat' dir='ltr'>oppressam</span> 
     </span>
    </p>

    <p class='ocr_par' dir='ltr' id='par_1_3' title="bbox 401 1305 1676 1473">
     <span class='ocr_line' id='line_1_7' title="bbox 401 1305 1675 1388; baseline -0.001 -19"><span class='ocrx_word' id='word_1_50' title='bbox 401 1307 432 1369; x_wconf 94' lang='lat' dir='ltr'>in</span> <span class='ocrx_word' id='word_1_51' title='bbox 454 1308 619 1371; x_wconf 90' lang='lat' dir='ltr'>libertatem</span> <span class='ocrx_word' id='word_1_52' title='bbox 644 1305 791 1368; x_wconf 91' lang='lat' dir='ltr'>uindicaui</span> <span class='ocrx_word' id='word_1_53' title='bbox 819 1351 1297 1368; x_wconf 91' lang='grc'><strong>................</strong></span> <span class='ocrx_word' id='word_1_54' title='bbox 1328 1306 1451 1368; x_wconf 79' lang='lat' dir='ltr'><strong>decretis</strong></span> <span class='ocrx_word' id='word_1_55' title='bbox 1474 1307 1675 1388; x_wconf 81' lang='lat' dir='ltr'>honorificis²)</span> 
     </span>
     <span class='ocr_line' id='line_1_8' title="bbox 405 1411 1676 1473; baseline -0.001 -1"><span class='ocrx_word' id='word_1_56' title='bbox 405 1411 539 1473; x_wconf 85' lang='lat' dir='ltr'><strong>ordinem</strong></span> <span class='ocrx_word' id='word_1_57' title='bbox 563 1430 651 1473; x_wconf 91' lang='lat' dir='ltr'>suum</span> <span class='ocrx_word' id='word_1_58' title='bbox 690 1454 1676 1472; x_wconf 86' lang='lat'><strong>................................</strong></span> 
     </span>
    </p>
   </div>
   <div class='ocr_carea' id='block_1_3' title="bbox 309 1614 1676 2836">
    <p class='ocr_par' dir='ltr' id='par_1_4' title="bbox 309 1614 1676 2008">
     <span class='ocr_line' id='line_1_9' title="bbox 309 1614 1676 1698; baseline -0.001 -19"><span class='ocrx_word' id='word_1_59' title='bbox 309 1618 364 1694; x_wconf 82' lang='lat' dir='ltr'>2,r</span> <span class='ocrx_word' id='word_1_60' title='bbox 396 1617 587 1698; x_wconf 87' lang='lat' dir='ltr'>patriciorum</span> <span class='ocrx_word' id='word_1_61' title='bbox 614 1636 772 1681; x_wconf 89' lang='lat' dir='ltr'>numerum</span> <span class='ocrx_word' id='word_1_62' title='bbox 800 1617 867 1679; x_wconf 83' lang='lat' dir='ltr'>auxi</span> <span class='ocrx_word' id='word_1_63' title='bbox 896 1617 999 1679; x_wconf 91' lang='lat' dir='ltr'>consul</span> <span class='ocrx_word' id='word_1_64' title='bbox 1028 1616 1164 1697; x_wconf 91' lang='lat' dir='ltr'>quintum</span> <span class='ocrx_word' id='word_1_65' title='bbox 1186 1615 1268 1677; x_wconf 88' lang='lat' dir='ltr'>iussu</span> <span class='ocrx_word' id='word_1_66' title='bbox 1292 1614 1391 1696; x_wconf 94' lang='lat' dir='ltr'>populi</span> <span class='ocrx_word' id='word_1_67' title='bbox 1414 1624 1444 1676; x_wconf 91' lang='lat' dir='ltr'>et</span> <span class='ocrx_word' id='word_1_68' title='bbox 1465 1624 1584 1678; x_wconf 90' lang='lat' dir='ltr'>senatus</span> <span class='ocrx_word' id='word_1_69' title='bbox 1607 1635 1676 1678; x_wconf 88' lang='lat' dir='ltr'>sena</span> 
     </span>
     <span class='ocr_line' id='line_1_10' title="bbox 404 1717 1676 1801; baseline -0.002 -18"><span class='ocrx_word' id='word_1_70' title='bbox 404 1732 467 1783; x_wconf 90' lang='lat' dir='ltr'>turn</span> <span class='ocrx_word' id='word_1_71' title='bbox 491 1729 536 1783; x_wconf 90' lang='lat' dir='ltr'>ter</span> <span class='ocrx_word' id='word_1_72' title='bbox 556 1721 613 1801; x_wconf 90' lang='lat' dir='ltr'>legi</span> <span class='ocrx_word' id='word_1_73' title='bbox 635 1731 665 1784; x_wconf 91' lang='lat' dir='ltr'>et</span> <span class='ocrx_word' id='word_1_74' title='bbox 685 1721 716 1784; x_wconf 94' lang='lat' dir='ltr'>in</span> <span class='ocrx_word' id='word_1_75' title='bbox 739 1721 892 1785; x_wconf 84' lang='lat' dir='ltr'>consulatu</span> <span class='ocrx_word' id='word_1_76' title='bbox 917 1730 998 1783; x_wconf 83' lang='lat' dir='ltr'>sexto</span> <span class='ocrx_word' id='word_1_77' title='bbox 1021 1740 1143 1783; x_wconf 91' lang='lat' dir='ltr'>censum</span> <span class='ocrx_word' id='word_1_78' title='bbox 1167 1721 1267 1801; x_wconf 94' lang='lat' dir='ltr'>populi</span> <span class='ocrx_word' id='word_1_79' title='bbox 1289 1717 1428 1798; x_wconf 78' lang='lat' dir='ltr'>collega³)</span> <span class='ocrx_word' id='word_1_80' title='bbox 1451 1737 1479 1779; x_wconf 96' lang='lat' dir='ltr'>m</span> <span class='ocrx_word' id='word_1_81' title='bbox 1496 1718 1614 1799; x_wconf 83' lang='lat' dir='ltr'>agrippa</span> <span class='ocrx_word' id='word_1_82' title='bbox 1629 1720 1676 1799; x_wconf 92' lang='lat' dir='ltr'>egi</span> 
     </span>
     <span class='ocr_line' id='line_1_11' title="bbox 400 1822 1676 1906; baseline -0.002 -19"><span class='ocrx_word' id='word_1_83' title='bbox 400 1826 526 1887; x_wconf 88' lang='lat' dir='ltr'>lustrum</span> <span class='ocrx_word' id='word_1_84' title='bbox 560 1833 627 1906; x_wconf 92' lang='lat' dir='ltr'>post</span> <span class='ocrx_word' id='word_1_85' title='bbox 658 1844 768 1887; x_wconf 90' lang='lat' dir='ltr'>anuum</span> <span class='ocrx_word' id='word_1_86' title='bbox 790 1826 916 1888; x_wconf 89' lang='lat' dir='ltr'>alterum</span> <span class='ocrx_word' id='word_1_87' title='bbox 943 1834 973 1887; x_wconf 89' lang='lat' dir='ltr'>et</span> <span class='ocrx_word' id='word_1_88' title='bbox 993 1823 1278 1905; x_wconf 88' lang='lat' dir='ltr'>quadragesimum⁴)</span> <span class='ocrx_word' id='word_1_89' title='bbox 1305 1822 1394 1902; x_wconf 66' lang='lat' dir='ltr'>secil)</span> <span class='ocrx_word' id='word_1_90' title='bbox 1421 1841 1479 1901; x_wconf 98' lang='lat' dir='ltr'>quo</span> <span class='ocrx_word' id='word_1_91' title='bbox 1502 1822 1595 1884; x_wconf 92' lang='lat' dir='ltr'>lustro</span> <span class='ocrx_word' id='word_1_92' title='bbox 1617 1823 1676 1885; x_wconf 92' lang='lat' dir='ltr'>ciui</span> 
     </span>
     <span class='ocr_line' id='line_1_12' title="bbox 401 1924 1675 2008; baseline -0.002 -17"><span class='ocrx_word' id='word_1_93' title='bbox 401 1947 452 1992; x_wconf 91' lang='lat' dir='ltr'>um</span> <span class='ocrx_word' id='word_1_94' title='bbox 483 1947 673 1991; x_wconf 90' lang='lat' dir='ltr'>romanorum</span> <span class='ocrx_word' id='word_1_95' title='bbox 704 1928 814 1991; x_wconf 89' lang='lat' dir='ltr'>censita</span> <span class='ocrx_word' id='word_1_96' title='bbox 841 1937 911 1991; x_wconf 89' lang='lat' dir='ltr'>suut</span> <span class='ocrx_word' id='word_1_97' title='bbox 937 1928 1031 2008; x_wconf 91' lang='lat' dir='ltr'>capita</span> <span class='ocrx_word' id='word_1_98' title='bbox 1060 1927 1252 2007; x_wconf 79' lang='lat' dir='ltr'>quadragiens</span> <span class='ocrx_word' id='word_1_99' title='bbox 1281 1934 1399 1987; x_wconf 91' lang='lat' dir='ltr'>centum</span> <span class='ocrx_word' id='word_1_100' title='bbox 1431 1924 1521 1988; x_wconf 93' lang='lat' dir='ltr'>millia</span> <span class='ocrx_word' id='word_1_101' title='bbox 1549 1935 1579 1987; x_wconf 93' lang='lat' dir='ltr'>et</span> <span class='ocrx_word' id='word_1_102' title='bbox 1606 1945 1675 1988; x_wconf 83' lang='lat' dir='ltr'>sexa</span> 
     </span>
    </p>

    <p class='ocr_par' dir='ltr' id='par_1_5' title="bbox 356 2029 1675 2526">
     <span class='ocr_line' id='line_1_13' title="bbox 356 2029 1673 2114; baseline -0.002 -20"><span class='ocrx_word' id='word_1_103' title='bbox 356 2053 369 2095; x_wconf 81' lang='lat' dir='ltr'>s</span> <span class='ocrx_word' id='word_1_104' title='bbox 399 2033 478 2114; x_wconf 88' lang='lat' dir='ltr'>ginta</span> <span class='ocrx_word' id='word_1_105' title='bbox 501 2033 555 2095; x_wconf 90' lang='lat' dir='ltr'>tria</span> <span class='ocrx_word' id='word_1_106' title='bbox 572 2075 1328 2093; x_wconf 92' lang='grc'><strong>.........................</strong></span> <span class='ocrx_word' id='word_1_107' title='bbox 1341 2047 1409 2092; x_wconf 91' lang='lat' dir='ltr'>cum</span> <span class='ocrx_word' id='word_1_108' title='bbox 1432 2047 1526 2110; x_wconf 92' lang='lat' dir='ltr'>nuper</span> <span class='ocrx_word' id='word_1_109' title='bbox 1547 2029 1673 2092; x_wconf 91' lang='lat' dir='ltr'>lustrum</span> 
     </span>
     <span class='ocr_line' id='line_1_14' title="bbox 401 2133 1675 2216; baseline -0.003 -18"><span class='ocrx_word' id='word_1_110' title='bbox 401 2137 481 2199; x_wconf 90' lang='lat' dir='ltr'>solus</span> <span class='ocrx_word' id='word_1_111' title='bbox 503 2136 590 2216; x_wconf 73' lang='lat' dir='ltr'>lecil)</span> <span class='ocrx_word' id='word_1_112' title='bbox 613 2155 769 2198; x_wconf 87' lang='lat' dir='ltr'>censorum</span> <span class='ocrx_word' id='word_1_113' title='bbox 817 2180 1074 2196; x_wconf 91' lang='grc'><strong><em>.........</em></strong></span> <span class='ocrx_word' id='word_1_114' title='bbox 1099 2133 1205 2212; x_wconf 62' lang='lat' dir='ltr'>siniol)</span> <span class='ocrx_word' id='word_1_115' title='bbox 1228 2152 1277 2195; x_wconf 88' lang='lat' dir='ltr'>cos</span> <span class='ocrx_word' id='word_1_116' title='bbox 1298 2152 1357 2213; x_wconf 95' lang='lat' dir='ltr'>quo</span> <span class='ocrx_word' id='word_1_117' title='bbox 1379 2133 1472 2194; x_wconf 89' lang='lat' dir='ltr'>lustro</span> <span class='ocrx_word' id='word_1_118' title='bbox 1495 2152 1582 2196; x_wconf 92' lang='lat' dir='ltr'>censa</span> <span class='ocrx_word' id='word_1_119' title='bbox 1604 2144 1675 2195; x_wconf 86' lang='lat' dir='ltr'>sunt</span> 
     </span>
     <span class='ocr_line' id='line_1_15' title="bbox 402 2235 1674 2318; baseline -0.003 -16"><span class='ocrx_word' id='word_1_120' title='bbox 402 2241 512 2303; x_wconf 92' lang='lat' dir='ltr'>ciuium</span> <span class='ocrx_word' id='word_1_121' title='bbox 535 2258 724 2302; x_wconf 90' lang='lat' dir='ltr'>romanorum</span> <span class='ocrx_word' id='word_1_122' title='bbox 758 2284 1046 2300; x_wconf 91' lang='grc'><strong>..........</strong></span> <span class='ocrx_word' id='word_1_123' title='bbox 1070 2237 1250 2318; x_wconf 88' lang='lat' dir='ltr'>quadragens</span> <span class='ocrx_word' id='word_1_124' title='bbox 1273 2246 1392 2298; x_wconf 89' lang='lat' dir='ltr'>centum</span> <span class='ocrx_word' id='word_1_125' title='bbox 1415 2235 1505 2297; x_wconf 91' lang='lat' dir='ltr'>millia</span> <span class='ocrx_word' id='word_1_126' title='bbox 1527 2246 1557 2297; x_wconf 91' lang='lat' dir='ltr'>et</span> <span class='ocrx_word' id='word_1_127' title='bbox 1579 2239 1674 2299; x_wconf 88' lang='lat' dir='ltr'>dueen</span> 
     </span>
     <span class='ocr_line' id='line_1_16' title="bbox 401 2339 1672 2424; baseline -0.005 -18"><span class='ocrx_word' id='word_1_128' title='bbox 401 2353 430 2406; x_wconf 89' lang='lat' dir='ltr'>ta</span> <span class='ocrx_word' id='word_1_129' title='bbox 462 2343 577 2424; x_wconf 84' lang='lat' dir='ltr'>triginta</span> <span class='ocrx_word' id='word_1_130' title='bbox 601 2343 656 2404; x_wconf 90' lang='lat' dir='ltr'>tria</span> <span class='ocrx_word' id='word_1_131' title='bbox 694 2388 857 2403; x_wconf 92' lang='grc'><strong>......</strong></span> <span class='ocrx_word' id='word_1_132' title='bbox 881 2343 911 2402; x_wconf 93' lang='lat' dir='ltr'>in</span> <span class='ocrx_word' id='word_1_133' title='bbox 934 2341 1088 2403; x_wconf 87' lang='lat' dir='ltr'>consulatu</span> <span class='ocrx_word' id='word_1_134' title='bbox 1109 2342 1129 2401; x_wconf 87' lang='lat' dir='ltr'>ll</span> <span class='ocrx_word' id='word_1_135' title='bbox 1152 2385 1159 2400; x_wconf 92' lang='lat'>.</span> <span class='ocrx_word' id='word_1_136' title='bbox 1184 2386 1191 2400; x_wconf 93' lang='lat'><strong>.</strong></span> <span class='ocrx_word' id='word_1_137' title='bbox 1215 2386 1221 2400; x_wconf 93' lang='lat'><em>.</em></span> <span class='ocrx_word' id='word_1_138' title='bbox 1247 2386 1253 2400; x_wconf 93' lang='lat'>.</span> <span class='ocrx_word' id='word_1_139' title='bbox 1277 2359 1345 2400; x_wconf 90' lang='lat' dir='ltr'>oum</span> <span class='ocrx_word' id='word_1_140' title='bbox 1368 2339 1521 2419; x_wconf 90' lang='lat' dir='ltr'>nuperime</span> <span class='ocrx_word' id='word_1_141' title='bbox 1544 2340 1672 2402; x_wconf 91' lang='lat' dir='ltr'>lustrum</span> 
     </span>
     <span class='ocr_line' id='line_1_17' title="bbox 402 2443 1673 2526; baseline -0.002 -19"><span class='ocrx_word' id='word_1_142' title='bbox 402 2465 469 2508; x_wconf 92' lang='lat' dir='ltr'>cum</span> <span class='ocrx_word' id='word_1_143' title='bbox 493 2447 555 2526; x_wconf 90' lang='lat' dir='ltr'>lega</span> <span class='ocrx_word' id='word_1_144' title='bbox 578 2445 682 2507; x_wconf 88' lang='lat' dir='ltr'>tiberio</span> <span class='ocrx_word' id='word_1_145' title='bbox 699 2491 1050 2506; x_wconf 91' lang='grc'><strong>............</strong></span> <span class='ocrx_word' id='word_1_146' title='bbox 1074 2453 1146 2505; x_wconf 86' lang='lat' dir='ltr'>sext.</span> <span class='ocrx_word' id='word_1_147' title='bbox 1169 2443 1305 2524; x_wconf 92' lang='lat' dir='ltr'>pompeio</span> <span class='ocrx_word' id='word_1_148' title='bbox 1326 2451 1357 2505; x_wconf 92' lang='lat' dir='ltr'>et</span> <span class='ocrx_word' id='word_1_149' title='bbox 1378 2454 1451 2504; x_wconf 81' lang='lat' dir='ltr'>sext.</span> <span class='ocrx_word' id='word_1_150' title='bbox 1488 2443 1602 2524; x_wconf 92' lang='lat' dir='ltr'>apuleio</span> <span class='ocrx_word' id='word_1_151' title='bbox 1623 2463 1673 2506; x_wconf 90' lang='lat' dir='ltr'>cos</span> 
     </span>
    </p>

    <p class='ocr_par' dir='ltr' id='par_1_6' title="bbox 341 2547 1673 2836">
     <span class='ocr_line' id='line_1_18' title="bbox 341 2547 1673 2630; baseline -0.002 -19"><span class='ocrx_word' id='word_1_152' title='bbox 341 2569 368 2612; x_wconf 84' lang='lat' dir='ltr'>io</span> <span class='ocrx_word' id='word_1_153' title='bbox 396 2568 455 2630; x_wconf 92' lang='lat' dir='ltr'>quo</span> <span class='ocrx_word' id='word_1_154' title='bbox 477 2549 571 2611; x_wconf 88' lang='lat' dir='ltr'>lustro</span> <span class='ocrx_word' id='word_1_155' title='bbox 596 2592 1228 2609; x_wconf 89' lang='grc'><strong>.....................</strong></span> <span class='ocrx_word' id='word_1_156' title='bbox 1251 2564 1315 2607; x_wconf 91' lang='lat' dir='ltr'>rom</span> <span class='ocrx_word' id='word_1_157' title='bbox 1339 2547 1466 2627; x_wconf 89' lang='lat' dir='ltr'>capitum</span> <span class='ocrx_word' id='word_1_158' title='bbox 1490 2547 1673 2627; x_wconf 86' lang='lat' dir='ltr'>quadragens</span> 
     </span>
     <span class='ocr_line' id='line_1_19' title="bbox 397 2650 1673 2732; baseline -0.002 -18"><span class='ocrx_word' id='word_1_159' title='bbox 397 2661 515 2716; x_wconf 90' lang='lat' dir='ltr'>centum</span> <span class='ocrx_word' id='word_1_160' title='bbox 544 2652 596 2714; x_wconf 88' lang='lat' dir='ltr'>mil</span> <span class='ocrx_word' id='word_1_161' title='bbox 633 2695 1297 2712; x_wconf 90' lang='grc'><strong>......................</strong></span> <span class='ocrx_word' id='word_1_162' title='bbox 1320 2650 1410 2730; x_wconf 89' lang='lat' dir='ltr'>iginta</span> <span class='ocrx_word' id='word_1_163' title='bbox 1433 2659 1463 2712; x_wconf 92' lang='lat' dir='ltr'>et</span> <span class='ocrx_word' id='word_1_164' title='bbox 1485 2662 1596 2732; x_wconf 92' lang='lat' dir='ltr'>septem</span> <span class='ocrx_word' id='word_1_165' title='bbox 1622 2651 1673 2714; x_wconf 93' lang='lat' dir='ltr'>mil</span> 
     </span>
     <span class='ocr_line' id='line_1_20' title="bbox 396 2754 1672 2836; baseline -0.001 -19"><span class='ocrx_word' id='word_1_166' title='bbox 396 2756 473 2836; x_wconf 92' lang='lat' dir='ltr'>legip</span> <span class='ocrx_word' id='word_1_167' title='bbox 498 2775 537 2818; x_wconf 93' lang='lat' dir='ltr'>no</span> <span class='ocrx_word' id='word_1_168' title='bbox 569 2799 1138 2816; x_wconf 91' lang='grc'><strong>...................</strong></span> <span class='ocrx_word' id='word_1_169' title='bbox 1155 2754 1285 2835; x_wconf 82' lang='lat' dir='ltr'>exempla</span> <span class='ocrx_word' id='word_1_170' title='bbox 1309 2754 1453 2817; x_wconf 88' lang='lat' dir='ltr'>maiorum</span> <span class='ocrx_word' id='word_1_171' title='bbox 1476 2754 1672 2818; x_wconf 80' lang='lat' dir='ltr'>exolescentis</span> 
     </span>
    </p>
   </div>
   <div class='ocr_carea' id='block_1_4' title="bbox 395 2849 1784 2940">
    <p class='ocr_par' dir='ltr' id='par_1_7' title="bbox 395 2849 1784 2940">
     <span class='ocr_line' id='line_1_21' title="bbox 395 2849 1784 2940; baseline -0.001 -19"><span class='ocrx_word' id='word_1_172' title='bbox 395 2860 454 2921; x_wconf 89' lang='lat' dir='ltr'>iam</span> <span class='ocrx_word' id='word_1_173' title='bbox 485 2878 521 2920; x_wconf 82' lang='lat' dir='ltr'>ex</span> <span class='ocrx_word' id='word_1_174' title='bbox 548 2877 603 2921; x_wconf 93' lang='lat' dir='ltr'>nos</span> <span class='ocrx_word' id='word_1_175' title='bbox 632 2903 1140 2920; x_wconf 91' lang='grc'><strong>.................</strong></span> <span class='ocrx_word' id='word_1_176' title='bbox 1161 2858 1320 2919; x_wconf 89' lang='lat' dir='ltr'>multarum</span> <span class='ocrx_word' id='word_1_177' title='bbox 1343 2876 1442 2921; x_wconf 90' lang='lat' dir='ltr'>rerum</span> <span class='ocrx_word' id='word_1_178' title='bbox 1465 2859 1598 2940; x_wconf 81' lang='lat' dir='ltr'>exempla</span> <span class='ocrx_word' id='word_1_179' title='bbox 1619 2859 1672 2922; x_wconf 91' lang='lat' dir='ltr'>imi</span> <span class='ocrx_word' id='word_1_180' title='bbox 1783 2849 1784 2868; x_wconf 60' lang='lat'>¹</span> 
     </span>
    </p>
   </div>
   <div class='ocr_carea' id='block_1_5' title="bbox 305 3167 1670 4391">
    <p class='ocr_par' dir='ltr' id='par_1_8' title="bbox 305 3167 1670 3563">
     <span class='ocr_line' id='line_1_22' title="bbox 305 3167 1670 3250; baseline 0.001 -20"><span class='ocrx_word' id='word_1_181' title='bbox 305 3169 360 3243; x_wconf 84' lang='lat' dir='ltr'>3‚r</span> <span class='ocrx_word' id='word_1_182' title='bbox 392 3170 512 3232; x_wconf 81' lang='lat' dir='ltr'>honoris</span> <span class='ocrx_word' id='word_1_183' title='bbox 535 3171 592 3231; x_wconf 89' lang='lat' dir='ltr'>mei</span> <span class='ocrx_word' id='word_1_184' title='bbox 614 3169 732 3250; x_wconf 81' lang='lat' dir='ltr'>causa⁸)</span> <span class='ocrx_word' id='word_1_185' title='bbox 759 3177 877 3229; x_wconf 91' lang='lat' dir='ltr'>senatus</span> <span class='ocrx_word' id='word_1_186' title='bbox 899 3167 1082 3249; x_wconf 91' lang='lat' dir='ltr'>populusque</span> <span class='ocrx_word' id='word_1_187' title='bbox 1106 3187 1245 3231; x_wconf 89' lang='lat' dir='ltr'>romanus</span> <span class='ocrx_word' id='word_1_188' title='bbox 1267 3186 1378 3230; x_wconf 89' lang='lat' dir='ltr'>annum</span> <span class='ocrx_word' id='word_1_189' title='bbox 1402 3170 1540 3249; x_wconf 90' lang='lat' dir='ltr'>quintum</span> <span class='ocrx_word' id='word_1_190' title='bbox 1563 3180 1594 3233; x_wconf 91' lang='lat' dir='ltr'>et</span> <span class='ocrx_word' id='word_1_191' title='bbox 1609 3171 1670 3232; x_wconf 91' lang='lat' dir='ltr'>deci</span> 
     </span>
     <span class='ocr_line' id='line_1_23' title="bbox 396 3272 1669 3354; baseline 0 -20"><span class='ocrx_word' id='word_1_192' title='bbox 396 3291 480 3334; x_wconf 91' lang='lat' dir='ltr'>mum</span> <span class='ocrx_word' id='word_1_193' title='bbox 503 3274 615 3353; x_wconf 88' lang='lat' dir='ltr'>agentis</span> <span class='ocrx_word' id='word_1_194' title='bbox 638 3273 767 3334; x_wconf 91' lang='lat' dir='ltr'>consulis</span> <span class='ocrx_word' id='word_1_195' title='bbox 790 3272 987 3351; x_wconf 75' lang='lat' dir='ltr'>designauitl)</span> <span class='ocrx_word' id='word_1_196' title='bbox 1010 3283 1043 3334; x_wconf 91' lang='lat' dir='ltr'>ut</span> <span class='ocrx_word' id='word_1_197' title='bbox 1065 3291 1132 3334; x_wconf 89' lang='lat' dir='ltr'>oum</span> <span class='ocrx_word' id='word_1_198' title='bbox 1156 3274 1358 3352; x_wconf 90' lang='lat' dir='ltr'>magistratum</span> <span class='ocrx_word' id='word_1_199' title='bbox 1382 3275 1491 3335; x_wconf 88' lang='lat' dir='ltr'>inirent</span> <span class='ocrx_word' id='word_1_200' title='bbox 1512 3283 1579 3354; x_wconf 90' lang='lat' dir='ltr'>post</span> <span class='ocrx_word' id='word_1_201' title='bbox 1601 3275 1669 3354; x_wconf 91' lang='lat' dir='ltr'>quin</span> 
     </span>
     <span class='ocr_line' id='line_1_24' title="bbox 396 3373 1669 3455; baseline -0.001 -17"><span class='ocrx_word' id='word_1_202' title='bbox 396 3375 606 3455; x_wconf 87' lang='lat' dir='ltr'>quennium¹⁰)</span> <span class='ocrx_word' id='word_1_203' title='bbox 636 3394 671 3436; x_wconf 82' lang='lat' dir='ltr'>ex</span> <span class='ocrx_word' id='word_1_204' title='bbox 697 3395 732 3436; x_wconf 93' lang='lat' dir='ltr'>eo</span> <span class='ocrx_word' id='word_1_205' title='bbox 760 3373 806 3436; x_wconf 93' lang='lat' dir='ltr'>die</span> <span class='ocrx_word' id='word_1_206' title='bbox 833 3375 891 3436; x_wconf 90' lang='lat' dir='ltr'>duo</span> <span class='ocrx_word' id='word_1_207' title='bbox 917 3375 1082 3455; x_wconf 75' lang='lat' dir='ltr'>deducti11)</span> <span class='ocrx_word' id='word_1_208' title='bbox 1111 3376 1142 3438; x_wconf 93' lang='lat' dir='ltr'>in</span> <span class='ocrx_word' id='word_1_209' title='bbox 1170 3395 1310 3439; x_wconf 89' lang='lat' dir='ltr'>eorumne</span> <span class='ocrx_word' id='word_1_210' title='bbox 1339 3377 1515 3439; x_wconf 85' lang='lat' dir='ltr'>interessent</span> <span class='ocrx_word' id='word_1_211' title='bbox 1537 3377 1669 3440; x_wconf 90' lang='lat' dir='ltr'>consiliis</span> 
     </span>
     <span class='ocr_line' id='line_1_25' title="bbox 396 3478 1668 3563; baseline 0 -21"><span class='ocrx_word' id='word_1_212' title='bbox 396 3479 521 3560; x_wconf 91' lang='lat' dir='ltr'>publicis</span> <span class='ocrx_word' id='word_1_213' title='bbox 563 3479 693 3542; x_wconf 91' lang='lat' dir='ltr'>decreuit</span> <span class='ocrx_word' id='word_1_214' title='bbox 735 3487 853 3540; x_wconf 89' lang='lat' dir='ltr'>senatus</span> <span class='ocrx_word' id='word_1_215' title='bbox 895 3478 1008 3559; x_wconf 87' lang='lat' dir='ltr'>equites</span> <span class='ocrx_word' id='word_1_216' title='bbox 1054 3489 1151 3541; x_wconf 87' lang='lat' dir='ltr'>autem</span> <span class='ocrx_word' id='word_1_217' title='bbox 1188 3479 1303 3542; x_wconf 90' lang='lat' dir='ltr'>romani</span> <span class='ocrx_word' id='word_1_218' title='bbox 1340 3481 1471 3542; x_wconf 92' lang='lat' dir='ltr'>uniuersi</span> <span class='ocrx_word' id='word_1_219' title='bbox 1508 3481 1668 3563; x_wconf 90' lang='lat' dir='ltr'>principem</span> 
     </span>
    </p>

    <p class='ocr_par' dir='ltr' id='par_1_9' title="bbox 349 3583 1669 4078">
     <span class='ocr_line' id='line_1_26' title="bbox 349 3583 1669 3666; baseline 0.003 -23"><span class='ocrx_word' id='word_1_220' title='bbox 349 3602 362 3644; x_wconf 81' lang='lat' dir='ltr'>s</span> <span class='ocrx_word' id='word_1_221' title='bbox 393 3629 1153 3645; x_wconf 88' lang='lat'><strong>.........................</strong></span> <span class='ocrx_word' id='word_1_222' title='bbox 1176 3583 1267 3645; x_wconf 87' lang='lat' dir='ltr'>hastis</span> <span class='ocrx_word' id='word_1_223' title='bbox 1289 3583 1434 3664; x_wconf 79' lang='lat' dir='ltr'>argenteis</span> <span class='ocrx_word' id='word_1_224' title='bbox 1464 3588 1604 3648; x_wconf 91' lang='lat' dir='ltr'>donatum</span> <span class='ocrx_word' id='word_1_225' title='bbox 1634 3605 1669 3666; x_wconf 91' lang='lat' dir='ltr'>ap</span> 
     </span>
     <span class='ocr_line' id='line_1_27' title="bbox 396 3687 580 3769; baseline -0.005 -21"><span class='ocrx_word' id='word_1_226' title='bbox 396 3687 580 3769; x_wconf 90' lang='lat' dir='ltr'>pellauerunt</span> 
     </span>
     <span class='ocr_line' id='line_1_28' title="bbox 394 3788 1669 3872; baseline 0.002 -20"><span class='ocrx_word' id='word_1_227' title='bbox 394 3791 462 3853; x_wconf 90' lang='lat' dir='ltr'>libri</span> <span class='ocrx_word' id='word_1_228' title='bbox 489 3790 603 3852; x_wconf 92' lang='lat' dir='ltr'>romani</span> <span class='ocrx_word' id='word_1_229' title='bbox 626 3788 737 3851; x_wconf 89' lang='lat' dir='ltr'>uiritim</span> <span class='ocrx_word' id='word_1_230' title='bbox 773 3835 998 3852; x_wconf 93' lang='grc'><strong><em>........</em></strong></span> <span class='ocrx_word' id='word_1_231' title='bbox 1034 3809 1122 3852; x_wconf 88' lang='lat' dir='ltr'>cenos</span> <span class='ocrx_word' id='word_1_232' title='bbox 1145 3789 1300 3852; x_wconf 89' lang='lat' dir='ltr'>numeraui</span> <span class='ocrx_word' id='word_1_233' title='bbox 1322 3810 1357 3852; x_wconf 82' lang='lat' dir='ltr'>ex</span> <span class='ocrx_word' id='word_1_234' title='bbox 1380 3800 1555 3854; x_wconf 90' lang='lat' dir='ltr'>testamento</span> <span class='ocrx_word' id='word_1_235' title='bbox 1578 3793 1669 3872; x_wconf 82' lang='lat' dir='ltr'>patris</span> 
     </span>
     <span class='ocr_line' id='line_1_29' title="bbox 397 3892 1669 3974; baseline 0 -19"><span class='ocrx_word' id='word_1_236' title='bbox 397 3896 455 3956; x_wconf 89' lang='lat' dir='ltr'>mei</span> <span class='ocrx_word' id='word_1_237' title='bbox 477 3902 507 3956; x_wconf 88' lang='lat' dir='ltr'>et</span> <span class='ocrx_word' id='word_1_238' title='bbox 527 3892 685 3970; x_wconf 62' lang='lat' dir='ltr'>nominiffl)</span> <span class='ocrx_word' id='word_1_239' title='bbox 708 3911 775 3953; x_wconf 89' lang='lat' dir='ltr'>meo</span> <span class='ocrx_word' id='word_1_240' title='bbox 807 3939 969 3954; x_wconf 93' lang='grc'><strong><em>......</em></strong></span> <span class='ocrx_word' id='word_1_241' title='bbox 993 3894 1150 3974; x_wconf 91' lang='lat' dir='ltr'>dringenos</span> <span class='ocrx_word' id='word_1_242' title='bbox 1174 3913 1208 3955; x_wconf 81' lang='lat' dir='ltr'>er</span> <span class='ocrx_word' id='word_1_243' title='bbox 1230 3893 1374 3956; x_wconf 91' lang='lat' dir='ltr'>bellorum</span> <span class='ocrx_word' id='word_1_244' title='bbox 1398 3894 1544 3957; x_wconf 88' lang='lat' dir='ltr'>manubiis</span> <span class='ocrx_word' id='word_1_245' title='bbox 1567 3896 1669 3957; x_wconf 92' lang='lat' dir='ltr'>consul</span> 
     </span>
     <span class='ocr_line' id='line_1_30' title="bbox 399 3995 1669 4078; baseline 0.001 -18"><span class='ocrx_word' id='word_1_246' title='bbox 399 3998 535 4078; x_wconf 88' lang='lat' dir='ltr'>quintum</span> <span class='ocrx_word' id='word_1_247' title='bbox 584 3996 648 4059; x_wconf 91' lang='lat' dir='ltr'>dedi</span> <span class='ocrx_word' id='word_1_248' title='bbox 692 3995 799 4058; x_wconf 89' lang='lat' dir='ltr'>iterum</span> <span class='ocrx_word' id='word_1_249' title='bbox 844 4006 942 4058; x_wconf 91' lang='lat' dir='ltr'>autem</span> <span class='ocrx_word' id='word_1_250' title='bbox 986 3998 1016 4058; x_wconf 92' lang='lat' dir='ltr'>in</span> <span class='ocrx_word' id='word_1_251' title='bbox 1061 3998 1215 4059; x_wconf 88' lang='lat' dir='ltr'>consulatu</span> <span class='ocrx_word' id='word_1_252' title='bbox 1258 3997 1371 4060; x_wconf 92' lang='lat' dir='ltr'>decimo</span> <span class='ocrx_word' id='word_1_253' title='bbox 1415 4018 1450 4060; x_wconf 89' lang='lat' dir='ltr'>ex</span> <span class='ocrx_word' id='word_1_254' title='bbox 1493 3997 1669 4078; x_wconf 90' lang='lat' dir='ltr'>patrimonio</span> 
     </span>
    </p>

    <p class='ocr_par' dir='ltr' id='par_1_10' title="bbox 343 4099 1670 4391">
     <span class='ocr_line' id='line_1_31' title="bbox 343 4099 1670 4181; baseline 0.002 -19"><span class='ocrx_word' id='word_1_255' title='bbox 343 4119 365 4162; x_wconf 90' lang='grc' dir='ltr'>ιο</span> <span class='ocrx_word' id='word_1_256' title='bbox 392 4120 459 4163; x_wconf 93' lang='lat' dir='ltr'>meo</span> <span class='ocrx_word' id='word_1_257' title='bbox 491 4100 537 4161; x_wconf 90' lang='lat' dir='ltr'>bis</span> <span class='ocrx_word' id='word_1_258' title='bbox 571 4099 786 4181; x_wconf 86' lang='lat' dir='ltr'>quadringenos</span> <span class='ocrx_word' id='word_1_259' title='bbox 817 4100 943 4178; x_wconf 90' lang='lat' dir='ltr'>congiari</span> <span class='ocrx_word' id='word_1_260' title='bbox 971 4100 1081 4162; x_wconf 92' lang='lat' dir='ltr'>uiritim</span> <span class='ocrx_word' id='word_1_261' title='bbox 1110 4100 1216 4162; x_wconf 90' lang='lat' dir='ltr'>iterum</span> <span class='ocrx_word' id='word_1_262' title='bbox 1246 4120 1312 4163; x_wconf 90' lang='lat' dir='ltr'>aere</span> <span class='ocrx_word' id='word_1_263' title='bbox 1342 4100 1483 4180; x_wconf 82' lang='lat' dir='ltr'>merui¹³)</span> <span class='ocrx_word' id='word_1_264' title='bbox 1511 4111 1541 4162; x_wconf 91' lang='lat' dir='ltr'>et</span> <span class='ocrx_word' id='word_1_265' title='bbox 1567 4103 1670 4165; x_wconf 90' lang='lat' dir='ltr'>consul</span> 
     </span>
     <span class='ocr_line' id='line_1_32' title="bbox 396 4202 1668 4288; baseline 0.002 -22"><span class='ocrx_word' id='word_1_266' title='bbox 396 4205 595 4266; x_wconf 92' lang='lat' dir='ltr'>undecumum</span> <span class='ocrx_word' id='word_1_267' title='bbox 605 4204 644 4284; x_wconf 83' lang='lat'>¹⁴)</span> <span class='ocrx_word' id='word_1_268' title='bbox 690 4202 844 4264; x_wconf 86' lang='lat' dir='ltr'>duodecim</span> <span class='ocrx_word' id='word_1_269' title='bbox 877 4203 1118 4266; x_wconf 83' lang='lat' dir='ltr'>frumentationes</span> <span class='ocrx_word' id='word_1_270' title='bbox 1158 4207 1306 4266; x_wconf 85' lang='lat' dir='ltr'>frumento</span> <span class='ocrx_word' id='word_1_271' title='bbox 1345 4205 1483 4286; x_wconf 91' lang='lat' dir='ltr'>priuatim</span> <span class='ocrx_word' id='word_1_272' title='bbox 1521 4207 1668 4288; x_wconf 91' lang='lat' dir='ltr'>columpio</span> 
     </span>
     <span class='ocr_line' id='line_1_33' title="bbox 394 4305 1667 4391; baseline 0.002 -21"><span class='ocrx_word' id='word_1_273' title='bbox 394 4307 578 4388; x_wconf 73' lang='lat' dir='ltr'>emensus¹⁵)</span> <span class='ocrx_word' id='word_1_274' title='bbox 629 4325 695 4368; x_wconf 89' lang='lat' dir='ltr'>sum</span> <span class='ocrx_word' id='word_1_275' title='bbox 746 4315 776 4368; x_wconf 92' lang='lat' dir='ltr'>et</span> <span class='ocrx_word' id='word_1_276' title='bbox 819 4305 973 4369; x_wconf 90' lang='lat' dir='ltr'>tribunicia</span> <span class='ocrx_word' id='word_1_277' title='bbox 1016 4315 1160 4389; x_wconf 89' lang='lat' dir='ltr'>potestate</span> <span class='ocrx_word' id='word_1_278' title='bbox 1203 4307 1409 4370; x_wconf 91' lang='lat' dir='ltr'>duodecimum</span> <span class='ocrx_word' id='word_1_279' title='bbox 1454 4310 1667 4391; x_wconf 89' lang='lat' dir='ltr'>quadringenos</span> 
     </span>
    </p>
   </div>
   <div class='ocr_carea' id='block_1_6' title="bbox 264 4480 1670 4810">
    <p class='ocr_par' dir='ltr' id='par_1_11' title="bbox 264 4480 1670 4810">
     <span class='ocr_line' id='line_1_34' title="bbox 368 4480 1668 4550; baseline 0.003 -18"><span class='ocrx_word' id='word_1_280' title='bbox 368 4484 388 4550; x_wconf 83' lang='grc' dir='ltr'>ι)</span> <span class='ocrx_word' id='word_1_281' title='bbox 405 4480 562 4533; x_wconf 82' lang='lat' dir='ltr'>romaeaoV</span> <span class='ocrx_word' id='word_1_282' title='bbox 641 4480 661 4542; x_wconf 79' lang='lat'>¹)</span> <span class='ocrx_word' id='word_1_283' title='bbox 680 4481 705 4530; x_wconf 92' lang='lat' dir='ltr'>in</span> <span class='ocrx_word' id='word_1_284' title='bbox 717 4481 793 4532; x_wconf 67' lang='lat' dir='ltr'>inm</span> <span class='ocrx_word' id='word_1_285' title='bbox 869 4481 889 4541; x_wconf 82' lang='lat'>⁸)</span> <span class='ocrx_word' id='word_1_286' title='bbox 908 4480 1045 4544; x_wconf 78' lang='lat' dir='ltr'>conlegae</span> <span class='ocrx_word' id='word_1_287' title='bbox 1120 4481 1142 4548; x_wconf 82' lang='lat'>⁴)</span> <span class='ocrx_word' id='word_1_288' title='bbox 1159 4481 1420 4547; x_wconf 80' lang='lat' dir='ltr'>quadragensimumo</span> <span class='ocrx_word' id='word_1_289' title='bbox 1497 4483 1519 4546; x_wconf 65' lang='grc' dir='ltr'>ἦ)</span> <span class='ocrx_word' id='word_1_290' title='bbox 1536 4487 1583 4534; x_wconf 77' lang='lat' dir='ltr'>ine.</span> <span class='ocrx_word' id='word_1_291' title='bbox 1598 4488 1668 4536; x_wconf 69' lang='lat' dir='ltr'>solra</span> 
     </span>
     <span class='ocr_line' id='line_1_35' title="bbox 264 4565 1670 4638; baseline 0.002 -17"><span class='ocrx_word' id='word_1_292' title='bbox 264 4569 427 4638; x_wconf 70' lang='lat' dir='ltr'>parentinum</span> <span class='ocrx_word' id='word_1_293' title='bbox 444 4567 497 4633; x_wconf 80' lang='lat' dir='ltr'>legi</span> <span class='ocrx_word' id='word_1_294' title='bbox 516 4565 543 4618; x_wconf 92' lang='lat' dir='ltr'><em>V</em></span> <span class='ocrx_word' id='word_1_295' title='bbox 642 4566 664 4630; x_wconf 69' lang='grc' dir='ltr'>ι)</span> <span class='ocrx_word' id='word_1_296' title='bbox 687 4568 735 4616; x_wconf 81' lang='lat' dir='ltr'>ins.</span> <span class='ocrx_word' id='word_1_297' title='bbox 754 4569 826 4617; x_wconf 81' lang='lat' dir='ltr'>intro</span> <span class='ocrx_word' id='word_1_298' title='bbox 841 4566 1006 4634; x_wconf 75' lang='lat' dir='ltr'>parentdem</span> <span class='ocrx_word' id='word_1_299' title='bbox 1024 4567 1076 4632; x_wconf 85' lang='lat' dir='ltr'>legi</span> <span class='ocrx_word' id='word_1_300' title='bbox 1095 4566 1124 4618; x_wconf 89' lang='lat' dir='ltr'><em>V</em></span> <span class='ocrx_word' id='word_1_301' title='bbox 1220 4569 1240 4632; x_wconf 70' lang='lat'>²)</span> <span class='ocrx_word' id='word_1_302' title='bbox 1259 4584 1288 4620; x_wconf 89' lang='lat' dir='ltr'>eo</span> <span class='ocrx_word' id='word_1_303' title='bbox 1306 4574 1366 4620; x_wconf 81' lang='lat' dir='ltr'>ante</span> <span class='ocrx_word' id='word_1_304' title='bbox 1383 4569 1449 4620; x_wconf 87' lang='lat' dir='ltr'>siuio</span> <span class='ocrx_word' id='word_1_305' title='bbox 1468 4574 1623 4637; x_wconf 77' lang='lat' dir='ltr'>expunctum</span> <span class='ocrx_word' id='word_1_306' title='bbox 1642 4571 1670 4624; x_wconf 80' lang='lat' dir='ltr'><em>V</em></span> 
     </span>
     <span class='ocr_line' id='line_1_36' title="bbox 266 4653 1667 4720; baseline 0.001 -14"><span class='ocrx_word' id='word_1_307' title='bbox 266 4655 289 4720; x_wconf 67' lang='grc'>8)</span> <span class='ocrx_word' id='word_1_308' title='bbox 313 4671 436 4707; x_wconf 83' lang='lat' dir='ltr'>caussae</span> <span class='ocrx_word' id='word_1_309' title='bbox 546 4653 566 4718; x_wconf 79' lang='lat'>⁹)</span> <span class='ocrx_word' id='word_1_310' title='bbox 589 4653 760 4717; x_wconf 79' lang='lat' dir='ltr'>disignavlto</span> <span class='ocrx_word' id='word_1_311' title='bbox 873 4653 902 4716; x_wconf 84' lang='grc'>10)</span> <span class='ocrx_word' id='word_1_312' title='bbox 926 4660 952 4704; x_wconf 86' lang='lat' dir='ltr'>ct</span> <span class='ocrx_word' id='word_1_313' title='bbox 973 4655 1054 4702; x_wconf 67' lang='lat' dir='ltr'>dean</span> <span class='ocrx_word' id='word_1_314' title='bbox 1166 4653 1258 4720; x_wconf 87' lang='lat'><strong>¹¹)...</strong></span> <span class='ocrx_word' id='word_1_315' title='bbox 1283 4657 1369 4706; x_wconf 57' lang='lat' dir='ltr'>ineo</span> <span class='ocrx_word' id='word_1_316' title='bbox 1482 4655 1512 4718; x_wconf 72' lang='grc' dir='ltr'>ι’)</span> <span class='ocrx_word' id='word_1_317' title='bbox 1537 4658 1667 4708; x_wconf 83' lang='lat' dir='ltr'>nominoe</span> 
     </span>
     <span class='ocr_line' id='line_1_37' title="bbox 270 4737 1289 4810; baseline -0.003 -16"><span class='ocrx_word' id='word_1_318' title='bbox 270 4741 299 4810; x_wconf 60' lang='grc' dir='ltr'>ι1)</span> <span class='ocrx_word' id='word_1_319' title='bbox 317 4758 402 4794; x_wconf 77' lang='lat' dir='ltr'>aerum</span> <span class='ocrx_word' id='word_1_320' title='bbox 422 4740 478 4792; x_wconf 83' lang='lat' dir='ltr'>erui</span> <span class='ocrx_word' id='word_1_321' title='bbox 496 4756 510 4790; x_wconf 86' lang='grc' dir='ltr'>υ</span> <span class='ocrx_word' id='word_1_322' title='bbox 609 4739 642 4803; x_wconf 83' lang='lat'>¹⁴)</span> <span class='ocrx_word' id='word_1_323' title='bbox 660 4739 816 4792; x_wconf 77' lang='lat' dir='ltr'>undecimum</span> <span class='ocrx_word' id='word_1_324' title='bbox 835 4755 848 4789; x_wconf 88' lang='lat' dir='ltr'><em>v</em></span> <span class='ocrx_word' id='word_1_325' title='bbox 947 4737 981 4800; x_wconf 78' lang='lat'>¹⁸)</span> <span class='ocrx_word' id='word_1_326' title='bbox 999 4747 1113 4806; x_wconf 77' lang='lat' dir='ltr'>coempto</span> <span class='ocrx_word' id='word_1_327' title='bbox 1130 4741 1257 4792; x_wconf 81' lang='lat' dir='ltr'>dimensus</span> <span class='ocrx_word' id='word_1_328' title='bbox 1275 4757 1289 4791; x_wconf 86' lang='lat' dir='ltr'><em>v</em></span> 
     </span>
    </p>
   </div>
   <div class='ocr_carea' id='block_1_7' title="bbox 0 0 1852 5430">
    <p class='ocr_par' dir='ltr' id='par_1_12' title="bbox 0 0 1852 5430">
     <span class='ocr_line' id='line_1_38' title="bbox 0 0 1852 5430; baseline 0 3"><span class='ocrx_word' id='word_1_329' title='bbox 0 0 1852 5430; x_wconf 95' lang='lat' dir='ltr'> </span> 
     </span>
    </p>
   </div>
  </div>
 </body>
</html>
