3656 5444
317 379 380 442 114
911 374 944 441 V,
964 375 1067 431 24-31

314 553 478 636 βασιλέως
501 550 607 636 ὄνομα
629 550 662 627 ές
683 553 743 636 τὴν
764 551 943 637 ἐπιστολὴν
964 553 1008 636 μὴ
1030 546 1202 637 ἐγγράψας
1223 551 1279 614 καλ
1301 551 1359 636 τὴν
1374 549 1549 632 βασιλείαν
1564 551 1677 636 δῆθεν

314 657 391 740 παρ’
414 653 515 720 αὐτοῦ
536 653 650 746 ᾔτησε·
678 653 807 729 τούτοις
828 649 886 718 ούν
908 653 1074 735 ὑπαχθεὶς
1094 655 1150 718 καὶ
1172 653 1230 719 τὸν
1251 650 1400 737 πόλεμον
1415 647 1485 736 ἅμα
1499 654 1562 717 τῶν
1579 653 1676 736 Πύρ·

315 761 389 824 θων
411 759 578 843 φοβηθεὶς
604 758 645 823 τά
671 783 706 823 τε
736 759 828 843 δῶρα
853 758 986 832 ἐδέξατο
1009 759 1065 822 καὶ
1087 759 1156 842 μετ’
1179 755 1326 822 ἐλπίδων
1348 750 1448 820 αὐτὸν
1470 758 1616 840 χρηστῶν
1637 756 1678 832 ἐς

314 862 372 947 τὴν
393 865 517 945 Συρίαν
544 861 628 945 προς
654 861 711 926 τὸν
738 860 836 928 Γάιον
863 861 978 926 staca
1008 861 1182 944 ἐκέλευσε).
1227 862 1284 924 Sed
1309 869 1377 923 ante
1404 880 1493 941 quam
1517 861 1606 924 Gaius
1633 881 1674 923 eo

314 966 402 1040 venit,
426 966 565 1046 Tigranes
587 966 618 1028 in
640 967 750 1047 proelio
765 977 865 1030 contra
882 966 1021 1029 barbaros
1036 967 1194 1029 commisso
1208 965 1382 1027 interfectus
1397 976 1451 1036 cst,
1466 965 1555 1028 Erato
1571 977 1674 1028 autem

314 1089 403 1150 regno
433 1090 464 1132 se
490 1070 633 1134 abdicavit
661 1072 725 1144 (Dio
749 1072 892 1145 55,10.:
920 1073 1040 1152 καίπερ
1066 1071 1126 1133 τού
1153 1065 1316 1151 Τιγράνου
1344 1065 1380 1130 ἐκ
1408 1067 1556 1150 πολέμου
1583 1068 1675 1143 τινὸς

314 1171 518 1256 βαρβαρικοῦ
544 1173 733 1255 φθαρέντος
759 1173 815 1235 καὶ
843 1175 899 1256 τῆς
916 1173 1061 1254 Ερατούς
1087 1171 1146 1255 τήν
1167 1169 1269 1255 ἀρχὴν
1291 1167 1462 1254 ἀφείσης),
1490 1172 1520 1234 id
1543 1173 1620 1252 quod
1643 1175 1673 1235 si

315 1297 374 1338 non
396 1296 411 1338 a
434 1276 550 1339 Parthis
572 1275 654 1357 ipsis,
677 1287 754 1339 certe
776 1277 983 1357 instigantibus
1007 1277 1042 1339 iis
1065 1279 1174 1339 iactum
1191 1283 1251 1348 est3
1273 1293 1342 1336 nam
1358 1283 1513 1354 postquam
1530 1276 1673 1356 Tigranes

314 1383 446 1460 Augusto
469 1401 500 1442 se
523 1380 661 1453 subiecit,
685 1389 915 1443 consentaneum
937 1390 983 1442 est
1004 1379 1180 1441 Parthorum
1203 1377 1360 1440 factionem
1384 1397 1451 1439 eum
1474 1379 1672 1442 aduersariam

314 1484 461 1546 habuisse.
509 1486 648 1564 Spectant
675 1504 709 1546 eo
737 1484 822 1545 rerba
850 1483 958 1563 quibus
986 1482 1107 1544 Ovidius
1136 1482 1166 1542 in
1188 1481 1260 1543 artis
1287 1481 1444 1544 amatoriae
1470 1481 1546 1543 libro
1574 1484 1671 1564 primo

315 1588 354 1666 (v.
380 1588 451 1664 195)
480 1586 558 1648 edito
585 1605 612 1647 a.
636 1587 697 1647 752
725 1587 828 1649 Gaium
855 1586 1022 1666 adloquitur
1049 1585 1152 1647 ducem
1177 1585 1356 1648 destinatum
1379 1587 1574 1666 expeditionis
1596 1609 1673 1668 quae

315 1690 472 1771 parabatur
498 1688 529 1749 in
550 1689 737 1752 Armeniam:
768 1710 831 1752 ουυτ
854 1690 906 1751 tibi
925 1694 982 1752 sint
1003 1692 1121 1770 fratres,
1143 1690 1254 1769 [ratres
1275 1689 1409 1752 uicissem
1430 1691 1529 1764 laesos,
1553 1711 1671 1774 cumque

311 1805 396 1873 poter
418 1794 469 1855 tibi
487 1798 531 1866 sit,
553 1798 620 1855 ιἰιτο
635 1805 713 1856 tuere
724 1799 831 1874 patris:
854 1795 949 1856 induit
964 1813 1047 1855 ormo
1062 1794 1114 1854 tibi
1124 1797 1237 1872 pendor
1250 1796 1414 1874 patriaeque
1429 1803 1549 1874 tuusque
1557 1815 1566 1868 ;
1588 1795 1672 1857 bostis

315 1897 351 1958 ob
373 1901 462 1959 invito
484 1915 574 1978 raquo
591 1909 711 1976 parente
733 1902 816 1979 rupit.
848 1897 949 1959 Parthi
971 1896 1061 1976 igitur
1082 1916 1098 1957 a
1119 1896 1259 1957 Romanis
1274 1895 1468 1976 culpabantur
1481 1897 1512 1958 in
1528 1897 1669 1960 Armenia

315 2010 345 2062 ct
366 1999 457 2080 patris
478 2000 524 2062 ius
547 2009 576 2062 et
598 2003 720 2064 fratrum
743 2001 876 2074 laesisse;
899 1999 949 2061 ubi
964 2003 1068 2061 tratres
1090 1999 1226 2062 videntur
1241 2019 1304 2061 esse
1320 1999 1460 2078 Tigranes
1475 2001 1512 2061 lv
1527 2009 1558 2062 et
1573 2001 1668 2076 Erato,

316 2112 398 2185 pater
425 2103 503 2165 idem
526 2104 680 2183 Tigranes,
707 2105 880 2166 Phraataces
908 2103 1073 2167 insimulari
1100 2104 1165 2165 ilios
1194 2107 1284 2183 regno
1313 2105 1427 2184 privare
1456 2103 1526 2164 velle
1549 2114 1669 2167 etcum

315 2207 351 2268 iis
379 2207 500 2288 stirpem
524 2207 656 2287 Tigranis
683 2207 746 2268 loco
775 2214 897 2289 paterno
925 2207 1041 2286 pellere.
1086 2206 1159 2268 Utut
1186 2217 1231 2268 est
1258 2208 1341 2286 (narn
1363 2207 1393 2268 id
1416 2207 1514 2288 ipsum
1537 2210 1616 2288 quod
1638 2211 1669 2270 iu

316 2321 414 2373 mente
441 2310 544 2372 babuit
570 2321 669 2391 poeta,
702 2310 786 2373 nobis
814 2328 873 2371 non
895 2310 995 2371 datum
1019 2319 1065 2371 est
1085 2309 1237 2389 adsequi),
1266 2310 1417 2390 Augustus
1440 2329 1507 2372 curn
1531 2323 1669 2374 extraneo

315 2414 383 2476 duci
404 2413 606 2476 Armeniacum
637 2413 850 2496 expeditionem
876 2413 1047 2494 permittere
1076 2413 1166 2474 nollet
1192 2414 1332 2489 (Zonaras
1361 2415 1410 2488 10,
1426 2415 1481 2476 26:
1509 2415 1573 2478 τῶν
1599 2410 1669 2498 Ἀρ-

314 2517 437 2598 μενίων
464 2513 501 2578 δὲ
523 2514 786 2599 νεωτερισάντων
808 2516 864 2579 καλ
886 2515 952 2580 τοῖν
975 2512 1124 2599 Πάρθων
1154 2511 1267 2590 αὐτοῖς
1294 2512 1536 2596 συνεργούντων
1563 2511 1670 2595 άλγιύν

315 2613 373 2682 ἐπὶ
403 2617 532 2693 τούτοις
561 2615 579 2682 δ
606 2615 797 2699 Αὔγουστος
824 2612 945 2703 ἠπόρει
968 2621 1000 2680 τί
1028 2615 1069 2682 ἄν
1097 2615 1225 2702 πράξῃ·
1256 2615 1329 2682 ούτε
1357 2616 1420 2701 γάρ
1448 2614 1545 2694 αὐτὸς
1573 2637 1670 2705 στρα-

315 2722 429 2786 τεῦσαι
458 2706 528 2794 οἷος
556 2745 591 2784 τε
612 2715 651 2805 ἦν
672 2721 731 2784 διὰ
751 2724 865 2806 γῆρας,
897 2717 917 2786 δ
939 2745 973 2784 τε
999 2723 1228 2805 Τιβέριος
1250 2724 1387 2805 μετέστη
1411 2719 1488 2806 ἤδη,
1512 2721 1612 2788 ἄλλον
1633 2723 1671 2786 δέ

315 2848 388 2890 τινα
410 2829 546 2910 πέμψαι
569 2826 634 2888 τῶν
648 2825 797 2890 δυνατῶν
812 2821 870 2890 oriz
885 2823 1032 2910 ἐτόλμα),
1056 2833 1174 2888 coactus
1189 2845 1242 2907 per
1256 2826 1374 2906 aliquod
1390 2837 1506 2908 tempus
1522 2828 1671 2908 quiescere

315 2931 477 2994 adamum
501 2929 572 3005 753,
595 2949 662 2992 cum
687 2931 775 2993 Gaius
797 2931 875 2993 tilius
897 2929 1069 2992 vicesimum
1092 2948 1202 2991 annum
1226 2929 1384 3009 attigisset,
1412 2949 1480 2992 eum
1503 2931 1534 2993 in
1557 2933 1670 3012 Syriam

316 3035 405 3096 misit.
450 3035 509 3096 lam
537 3053 605 3095 vero
635 3053 703 3096 cum
726 3043 794 3096 ante
816 3035 973 3096 adventum
997 3033 1059 3094 eius
1082 3043 1112 3094 et
1133 3033 1305 3095 Artavasdes
1327 3033 1450 3096 obiisset
1471 3043 1501 3096 et
1522 3035 1670 3114 Tigranes,

316 3137 420 3212 Gaius,
451 3147 485 3199 ut
511 3137 551 3199 ait
578 3138 728 3218 Augustus
753 3139 831 3219 ipse,
867 3135 1036 3199 Armeniam
1062 3138 1219 3216 regendam
1249 3137 1368 3200 tradidit
1397 3137 1584 3200 Ariobarzani
1611 3139 1670 3218 regi

316 3242 468 3303 Medorum
492 3241 566 3320 regis
588 3241 755 3304 Artavasdis
778 3241 837 3303 ulio
860 3240 887 3302 ei
909 3240 945 3301 de
968 3260 1026 3319 quo
1049 3259 1137 3321 supra
1160 3240 1296 3302 diximus.
1334 3241 1530 3304 Consentiunt
1552 3242 1670 3304 Tacitus

316 3363 383 3406 anu.
408 3344 438 3418 2,
459 3342 495 3404 3:
527 3342 558 3405 G.
584 3342 690 3405 Cacsar
786 3345 1010 3406 Ariobarzanem
1041 3348 1148 3424 origine
1179 3343 1295 3406 Medum
1322 3346 1355 3406 ob
1382 3349 1519 3426 ιἰιτίριιαυ
1546 3351 1671 3426 corporis

315 3450 441 3529 βοτταουι
467 3457 493 3508 et
517 3446 702 3526 praeclarum
728 3452 855 3509 animum
880 3447 1038 3510 calcatibus
1061 3448 1201 3510 Armeniis
1228 3449 1367 3528 pracfecit
1396 3457 1425 3511 et
1446 3449 1476 3510 iu
1501 3450 1669 3511 universum

316 3551 368 3611 Dio
385 3551 435 3624 55,
453 3551 530 3614 10.:
559 3545 591 3611 oi
603 3544 770 3632 Ἀρμένιοι
794 3545 1088 3632 ..Ἀριοβαρζάνει
1111 3549 1176 3612 τινὶ
1203 3547 1323 3634 Μήδῳ,
1348 3543 1383 3624 ὅς
1405 3573 1487 3614 ποτε
1509 3551 1592 3633 μετὰ
1614 3553 1671 3614 τοῦ

322 3650 501 3735 Τιριδάτου
529 3650 612 3734 πρὸς
639 3651 714 3727 τούς
738 3651 919 3735 Ῥωμαίους
952 3649 1074 3737 άφτκτυ
1107 3651 1345 3735 παρεδίδοντο,
1379 3675 1558 3735 quamquam
1591 3656 1671 3719 bunc

316 3767 436 3840 apparet
457 3756 635 3837 ignoravisse
657 3777 725 3820 eum
749 3777 808 3819 non
832 3757 962 3819 ‘Medum
983 3757 1146 3838 quendam'
1169 3757 1275 3833 fuisse,
1305 3759 1357 3820 sed
1379 3758 1487 3821 Mediae
1510 3778 1618 3839 regem,
1641 3769 1671 3822 et

317 3863 362 3924 vix
391 3880 493 3923 rerum
521 3861 641 3924 tradidit
663 3863 699 3924 de
721 3862 784 3924 cius
807 3880 875 3924 cum
898 3861 1027 3923 Tiridate
1049 3861 1084 3922 ad
1106 3861 1254 3923 Romanos
1277 3863 1412 3924 adventu.
1457 3862 1529 3924 Nam
1558 3863 1669 3926 venisse

311 3967 352 4029 ad
374 3966 540 4046 Augustum
569 3985 637 4027 eum
667 3975 894 4028 consentaneum
918 3975 964 4026 est
985 3984 1052 4026 curn
1076 3975 1157 4045 patre
1180 3965 1336 4026 Artavasde
1363 3985 1388 4027 a.
1413 3966 1487 4040 724,
1515 3985 1576 4028 non
1602 3977 1670 4048 post

316 4079 454 4150 quattuor
489 4072 549 4130 iere
579 4087 671 4131 annos
703 4089 772 4132 curn
801 4069 929 4131 Tiridate
956 4068 1078 4142 Partbo;
1110 4069 1282 4148 videturque
1309 4069 1356 4130 bic
1386 4089 1468 4132 error
1494 4070 1669 4133 coniunctus

316 4193 380 4236 esse
407 4192 475 4235 cum
503 4173 593 4235 altero
623 4173 723 4235 Dionis
752 4177 851 4253 fugam
881 4172 1018 4235 Tiridatis
1046 4176 1190 4234 referente
1219 4171 1255 4233 ad
1284 4191 1309 4234 a.
1334 4174 1404 4234 724.
1449 4174 1543 4254 Elegit
1570 4183 1668 4236 autem

316 4279 466 4358 Augustus
489 4295 556 4338 eum
580 4277 767 4357 potissimum
790 4297 850 4338 non
874 4278 968 4339 solum
989 4276 1027 4338 ob
1042 4296 1090 4338 eas
1107 4295 1218 4349 causas,
1241 4295 1314 4356 quas
1336 4277 1455 4338 Tacitus
1477 4277 1593 4351 indicat,
1619 4279 1670 4340 sed

316 4389 464 4461 praeterea
497 4381 574 4459 quod
597 4380 687 4461 stirps
709 4381 787 4460 regia
811 4382 962 4443 Medorum
986 4400 1053 4442 cum
1075 4379 1213 4441 Armenia
1236 4387 1298 4440 turn
1322 4378 1457 4440 videlicet
1477 4379 1604 4442 extincta
1626 4383 1670 4442 as·

317 4483 383 4545 finis
405 4492 468 4545 erat
490 4487 528 4556 (v.
546 4483 699 4546 Strabonis
721 4484 809 4547 verba
831 4504 918 4566 supra
942 4505 969 4566 p.
985 4485 1044 4546 110
1068 4483 1161 4546 adlata
1176 4483 1279 4545 collato
1295 4482 1359 4544 loco
1374 4483 1507 4545 Suetonii
1521 4484 1595 4564 Aug.
1612 4483 1667 4546 48:

316 4605 395 4667 repes
422 4591 509 4648 socios
538 4592 621 4649 etium
649 4593 724 4650 inter
748 4593 821 4670 ι’μεοε
843 4589 1093 4652 accessrtudioibus
1115 4592 1222 4649 mutuis
1242 4591 1348 4661 tonuit,
1367 4591 1593 4668 promptisn'mru
1616 4588 1669 4650 od-

316 4693 434 4774 finitotis
460 4695 593 4773 cuiusque
622 4702 704 4773 utque
731 4695 869 4755 amicitiae
898 4692 1063 4753 conciliator
1091 4703 1116 4753 et
1142 4691 1256 4771 suntor)
1279 4699 1309 4753 et
1330 4690 1410 4770 quod
1432 4709 1526 4770 nuper
1548 4691 1669 4752 Mures

318 4806 375 4858 tam
392 4795 546 4858 Armeniae
568 4816 654 4875 quarn
672 4796 780 4858 Mediae
795 4794 1019 4877 imperitaverat.
1049 4793 1273 4856 Ariobarzanem
1288 4795 1366 4875 quod
1382 4793 1547 4856 volentibus
1561 4794 1665 4856 Arme-
