3656 5444
334 389 374 452 68
921 382 974 450 ΠΙ,
993 383 1098 439 35-39

331 566 501 628 sufficerent
532 562 652 644 (ταῦτα
684 556 842 642 ἐλάχιστα
875 560 958 646 πρὸς
990 585 1027 624 co
1061 559 1194 644 πλῆθος
1225 559 1289 624 τῶν
1321 551 1590 640 ἀναλισκομένων
1621 553 1684 640 ἦν),

330 670 459 750 primum
493 667 632 748 vigesima
665 665 871 728 hereditatium
903 666 1038 728 instituta
1067 675 1125 738 est,
1160 683 1229 727 mox
1261 663 1357 726 addita
1390 662 1550 725 centesima
1583 681 1683 723 rerum

329 773 474 835 venalium
497 771 607 852 aliaque
630 769 734 833 similia
758 769 866 833 tributa
900 780 1095 850 sumptusque
1127 779 1275 851 praeterea
1308 766 1412 846 reliqui
1444 765 1553 847 publici
1586 765 1683 846 quoad

328 876 393 939 lieri
420 876 517 958 potuit
546 874 697 937 imminuti
726 874 790 952 (Ilio
813 875 863 947 55,
884 872 1019 936 23-26.
1043 874 1163 936 Sueton.
1179 872 1251 953 bug.
1268 871 1331 948 49).
1374 868 1462 932 Addit
1488 868 1541 930 llic
1572 869 1684 930 aerario

328 980 465 1043 instituto
487 979 654 1059 Augustum
677 997 804 1040 annuam
827 976 1010 1058 largitionem
1039 977 1070 1038 in
1102 979 1236 1039 laturum
1265 992 1381 1056 quoque
1410 974 1440 1034 in
1469 992 1500 1034 se
1535 972 1682 1052 recepisse

328 1084 397 1164 (καὶ
425 1084 522 1146 τοῦτο
550 1081 622 1144 κατ’
657 1078 728 1155 ἔτος
760 1078 899 1162 πράξειν
932 1076 1120 1158 ὑπέσχετο);
1154 1099 1226 1160 quas
1259 1077 1477 1141 numerationes
1510 1075 1559 1138 illa
1591 1095 1679 1156 quam

327 1188 556 1250 commentarius
572 1185 705 1249 enuntiat
716 1203 831 1247 summa
843 1204 902 1246 non
915 1183 1133 1266 comprehendi,
1148 1184 1177 1245 id
1193 1184 1271 1264 quod
1286 1191 1368 1244 antea
1385 1181 1458 1243 mibi
1470 1199 1681 1262 persuaseram,

327 1301 405 1354 recte
428 1289 569 1371 Berglius
593 1290 716 1352 monuit.
761 1290 982 1352 Potesttamen
1010 1287 1127 1351 delendi
1153 1305 1256 1349 verum
1283 1286 1446 1365 essequod
1468 1305 1485 1346 a
1507 1285 1682 1346 Diouetra-

327 1395 415 1469 ditur,
446 1405 476 1457 et
508 1393 588 1456 siluit
609 1396 731 1456 insusse
758 1392 907 1472 Augustus
941 1393 977 1454 de
1008 1391 1210 1472 largitionibus
1243 1388 1454 1471 posterioribus
1493 1407 1561 1450 cunr
1602 1387 1679 1467 quod

326 1499 456 1561 minores
479 1501 608 1572 luerunt,
632 1506 695 1559 tum
717 1505 871 1577 propterea
892 1497 980 1577 quod,
1003 1515 1070 1558 cum
1092 1513 1182 1576 penes
1197 1513 1265 1555 eum
1284 1493 1387 1554 aerarii
1403 1492 1538 1554 militaris
1553 1491 1681 1553 admini-

327 1603 429 1665 stratio
455 1613 541 1674 esset,
572 1601 644 1681 quid
671 1601 706 1662 de
734 1620 788 1662 suo
815 1600 972 1680 quotannis
998 1599 1125 1662 adiceret
1152 1599 1177 1661 si
1203 1597 1393 1670 enuntiasset,
1425 1597 1456 1658 id
1488 1595 1524 1657 ad
1552 1594 1681 1658 rabones

325 1705 440 1787 publice
462 1704 623 1767 reddendas
646 1724 737 1786 prope
759 1704 937 1766 accessisset.

425 1809 458 1870 ln
482 1809 653 1871 universum
676 1818 710 1870 ut
724 1807 907 1889 aliquatenus
922 1807 1116 1887 intellegatur,
1139 1805 1209 1885 quid
1224 1805 1254 1866 in
1270 1824 1301 1867 re
1317 1803 1434 1866 militari
1448 1801 1681 1866 administranda

325 1922 356 1974 et
377 1912 503 1975 manure
525 1913 557 1975 in
581 1913 709 1975 exercitu
732 1912 839 1974 civium
862 1912 1063 1974 Romanorum
1087 1909 1292 1971 constituendo
1319 1920 1349 1970 et
1376 1907 1508 1988 augendo
1529 1906 1679 1987 Augustus

326 2015 382 2078 sibi
404 2018 590 2097 proposuerit
612 2017 832 2098 perfeceritque,
854 2034 915 2078 non
937 2016 988 2077 abs
1011 2034 1042 2077 re
1064 2014 1160 2075 visuru
1183 2022 1229 2075 est
1256 2013 1311 2074 boc
1340 2011 1403 2072 loco
1432 2011 1562 2073 inserere
1589 2011 1678 2072 later-

325 2120 426 2181 culum
458 2121 620 2200 legionum,
654 2139 728 2200 quae
761 2119 899 2182 extremis
928 2119 1012 2181 annis
1026 2117 1164 2198 ,Augusti
1197 2119 1329 2189 luerunt,
1363 2115 1459 2178 addita
1492 2115 1523 2176 in
1558 2113 1678 2194 singulis

325 2223 455 2303 originis,
485 2224 535 2285 ubi
563 2224 626 2286 fieri
659 2224 763 2307 potuit,
791 2232 821 2285 et
846 2222 984 2286 interitus
1011 2221 1107 2301 aliqua
1134 2221 1318 2294 indicatione,
1346 2219 1417 2282 item
1444 2219 1619 2300 provinciae,
1646 2217 1677 2279 in

325 2347 382 2408 qua
411 2327 542 2409 primum
571 2339 664 2391 casua
692 2347 824 2410 quaeque
851 2327 988 2389 babuisse
1017 2325 1181 2400 invenitur3
1213 2342 1390 2404 quamquam
1425 2323 1501 2384 hanc
1528 2322 1676 2402 legionum

324 2451 377 2514 per
399 2431 563 2514 provincias
586 2431 807 2513 dispositionem
830 2449 890 2492 nou
915 2439 972 2493 tam
995 2429 1090 2511 ipsam
1113 2428 1248 2490 traditam
1271 2427 1423 2500 habemus,
1446 2445 1534 2506 quarn
1552 2425 1675 2487 maxime

324 2535 360 2598 ad
383 2555 456 2610 eam,
479 2556 567 2616 quam
590 2537 626 2598 ad
648 2555 759 2598 annum
782 2555 810 2616 p.
827 2534 858 2597 C.
875 2534 914 2596 23
937 2532 1058 2614 exponit
1071 2531 1190 2594 Tacitus
1205 2531 1286 2610 (ann.
1302 2533 1331 2605 4,
1347 2530 1411 2612 23),
1434 2531 1603 2593 coniectura
1625 2531 1675 2594 ad·

324 2641 507 2703 umbramus.
552 2641 739 2703 Laterculum
755 2639 848 2702 Taciti
868 2638 1006 2720 quoniam
1022 2635 1181 2698 enchiridia
1196 2634 1267 2696 satis
1282 2634 1436 2714 explicant,
1458 2635 1490 2695 in
1506 2635 1674 2697 universum

324 2745 359 2807 ad
381 2765 415 2806 ca
437 2744 615 2807 remittimus
638 2763 734 2824 neque
756 2743 787 2805 in
808 2743 887 2806 notis
913 2741 1079 2805 addidimus
1104 2739 1163 2802 nisi
1189 2758 1263 2818 quae
1292 2757 1360 2800 cum
1388 2738 1425 2800 ad
1451 2745 1583 2801 nostram
1613 2758 1673 2801 rem

324 2847 431 2912 iaciant
452 2848 493 2910 ibi
517 2847 634 2911 desunt.

252 2989 293 3054 [1¹)
338 3025 599 3042 .......
645 2987 671 3037 in
691 2983 827 3036 Germania
844 2981 966 3036 inferiore
1034 3019 1338 3034 ........
1386 2988 1554 3032 exauctorata
1565 2979 1798 3052 poetolsdeaul'arij

210 3025 260 3176 lit
324 3124 423 3193 (postea
430 3123 615 3193 Germanica)¹)
644 3124 670 3174 in
689 3121 825 3174 Germania
842 3119 965 3172 inferiore
1033 3155 1340 3170 ........
1385 3054 1600 3170 niiiisinoratur
1609 3127 1699 3185 posta.
1713 3119 1761 3186 p.C.
1769 3119 1788 3162 1¹·

209 3195 237 3245 2.
251 3210 270 3244 ιι
324 3196 470 3258 dumeta.
506 3231 512 3244 .
548 3231 554 3243 .
592 3232 598 3244 .
644 3192 668 3242 in
689 3189 824 3242 Germania
842 3190 975 3256 superiore
1032 3224 1340 3238 ........
1386 3185 1511 3252 superfuit
1529 3194 1614 3239 aetate
1632 3189 1723 3240 ilionis

209 3264 224 3314 3
251 3277 277 3312 ιιι
324 3263 467 3326 Augusta.
504 3298 509 3310 .
548 3298 555 3312 .
592 3299 598 3311 .
643 3261 668 3310 in
686 3258 777 3316 Africa
793 3293 1338 3311 .............
1386 3255 1514 3322 superfuit
1530 3263 1615 3308 aetate
1634 3257 1728 3308 ilionis

207 3333 276 3382 itu
325 3329 424 3382 Gallica
464 3368 469 3379 .
506 3368 512 3382 .
548 3368 555 3380 .
590 3366 598 3381 .
643 3330 668 3378 in
687 3327 789 3396 Syria¹l
833 3367 840 3379 .
877 3365 883 3378 .
920 3365 926 3377 .
963 3365 969 3378 .
1015 3323 1358 3376 intertuitbdtottnntunii
1386 3321 1512 3392 superfuit
1529 3331 1614 3376 aetate
1633 3325 1727 3377 Dionis

626 3423 631 3530 Ι
1032 3391 1150 3444 Parthico
1169 3391 1240 3458 (Tac.
1254 3393 1315 3444 bist.
1335 3393 1359 3458 ³,

232 3639 251 3695 ¹)
264 3637 386 3693 Legionem
394 3637 486 3692 primaru
493 3635 581 3677 Tacitus
588 3635 646 3689 (ann.
652 3639 672 3686 1,
678 3637 713 3688 ill)
721 3633 799 3678 scribit
805 3631 984 3688 signaa'libsrie
995 3635 999 3708 Ι
1011 3638 1070 3674 certe
1088 3635 1168 3682 quarta
1181 3630 1222 3672 illa
1235 3629 1294 3682 lepte
1308 3641 1351 3672 non
1365 3629 1407 3671 tais
1421 3643 1447 3672 ex
1461 3629 1553 3680 duabus¹
1570 3629 1649 3683 quibua
1663 3630 1688 3672 b.
1698 3632 1786 3684 Aspre*

191 3710 306 3765 accepisse,
320 3721 361 3754 nes
374 3713 433 3753 reete
448 3707 502 3750 olim
516 3706 774 3762 eogitasideslpnorum
783 3703 984 3748 amissurnmreali-
1010 3709 1112 3756 praeerat
1127 3701 1293 3754 (retineto).
1317 3699 1362 3743 Sed
1376 3714 1426 3744 eum
1440 3713 1468 3744 ne
1482 3701 1522 3744 boe
1541 3701 1630 3754 quidem
1650 3701 1714 3744 nobis
1736 3709 1786 3742 notua

190 3780 276 3824 tutione
297 3793 346 3823 enm
366 3779 429 3823 slede
450 3777 553 3822 Lolliana
577 3792 596 3820 a.
612 3779 652 3822 'tte
673 3777 747 3831 aliquo
768 3776 832 3818 modo
856 3775 983 3825 coniuncta
1010 3774 1040 3816 ait
1054 3779 1107 3828 quot
1124 3773 1224 3828 legiones
1237 3785 1264 3815 eo
1282 3777 1380 3826 tempore
1399 3773 1424 3814 in
1445 3773 1563 3816 Germania
1583 3773 1734 3822 constiterint,
1751 3763 1788 3824 quel

189 3852 256 3895 immo
281 3853 358 3907 ιιοςιιὶ
378 3864 422 3894 non
443 3855 516 3906 potest
538 3849 650 3904 legionem
666 3849 759 3903 primam
778 3846 806 3890 ad
826 3845 984 3900 Vespasianum
1011 3845 1124 3899 posuimus
1137 3845 1229 3888 fontane
1243 3844 1333 3888 tolerari
1346 3845 1434 3898 poterit

191 3936 260 3976 usqne
280 3923 304 3964 in
325 3923 444 3966 Germania
464 3921 569 3964 interiore
590 3920 718 3964 tendentem
740 3919 792 3962 hine
814 3923 913 3962 constare
934 3928 985 3960 ecn-
1052 3920 1072 3967 ²)
1087 3915 1163 3968 Syriae
1172 3915 1309 3970 praesedisse
1324 3926 1370 3958 tres
1384 3917 1485 3971 legiones
1500 3931 1539 3972 per
1553 3931 1571 3960 a
1586 3931 1607 3961 n.
1621 3931 1640 3961 e.
1653 3913 1798 3962 tes-panici

189 3993 295 4049 scriptam
309 4007 357 4038 esse
371 3999 460 4039 anemae
469 3993 557 4036 'liberio
571 3997 622 4047 poet
635 3992 719 4035 eisdem
729 3991 852 4034 Varianam
879 3991 985 4032 Attamen
1011 3987 1276 4041 sspbuslanttt,10,ta
1295 3986 1584 4041 bell.1nd.²,t.1)auetcr
1605 3993 1651 4040 est,
1671 3995 1798 4042 ιιιιιιιιιιιι;

190 4064 248 4120 qnod
269 4071 316 4108 tuna
333 4079 368 4109 rna
386 4065 467 4115 morit,
487 4063 511 4106 id
523 4075 582 4107 nunc
595 4075 683 4118 quoque
696 4067 776 4114 moret,
790 4074 870 4116 nempe
884 4060 911 4103 ab
925 4073 986 4103 eaer-
1011 4062 1038 4101 8³
1047 4072 1068 4112 p.
1076 4057 1099 4100 0.
1107 4058 1196 4102 Tacitus
1204 4058 1264 4113 (ann.
1274 4061 1293 4109 i,
1302 4060 1337 4111 2³)
1342 4075 1348 4108 ι
1363 4059 1423 4101 lanne
1433 4072 1548 4101 nnmsmm
1558 4058 1703 4102 adextremos
1713 4064 1798 4114 Aupffi

189 4137 247 4188 altu,
260 4137 299 4190 qni
311 4143 424 4191 praeterea
441 4135 553 4190 legionum
566 4147 667 4178 nummos
681 4133 803 4177 aseonndo
817 4133 844 4176 ed
859 4133 985 4176 deeaimnm
1012 4141 1079 4172 anuos
1094 4129 1205 4183 pestium
1226 4130 1354 4174 verisimile.
1381 4131 1414 4172 nx
1434 4135 1539 4184 quattuor
1553 4131 1588 4173 bis
1609 4131 1737 4185 legionibus
1754 4133 1798 4172 lna·¹

189 4203 985 4263 pisamhaberet,pnnanabessananpeeause,nequsatutsabexarettn
1011 4200 1100 4244 'lucitus
1120 4202 1219 4244 nominat
1232 4201 1262 4244 vt
1282 4202 1389 4245 tanatum
1411 4203 1536 4255 (summit
1550 4201 1578 4245 ad
1592 4207 1657 4256 att)
1676 4211 1700 4246 st
1718 4205 1738 4244 x
1754 4201 1798 4248 l‘re2

189 4279 220 4323 tt.
229 4280 328 4330 Antonii,
343 4291 475 4332 quamquam
483 4289 564 4331 pauoos
577 4282 664 4319 tantum
678 4290 778 4320 nummos
792 4276 889 4329 reliquit.
907 4275 984 4328 ltaque
1011 4279 1096 4314 tensum
1116 4272 1240 4325 (summai
1258 4272 1286 4315 ad
1300 4275 1371 4326 alti).
1405 4273 1512 4325 Reliquas
1532 4273 1622 4316 dubium
1642 4287 1687 4317 non
1707 4284 1742 4318 est
1758 4283 1798 4332 mg

191 4356 216 4393 nt
228 4351 312 4404 primae
325 4350 412 4404 legioni
424 4349 550 4392 etiamants
560 4347 645 4392 &dem
654 4349 772 4390 Varianam
781 4347 843 4390 loeus
852 4347 984 4394 inveniatur.
1011 4343 1070 4386 inter
1092 4343 1144 4386 illas
1168 4347 1271 4396 quattuor
1293 4343 1407 4399 legiones,
1430 4357 1487 4397 quae
1510 4345 1597 4398 syriam
1618 4350 1739 4388 uuuemnt
1757 4355 1798 4404 ern¹

125 4415 134 4436 ⁸
190 4423 281 4465 lortaus
295 4422 353 4463 sumi
368 4424 441 4475 potest
461 4432 512 4462 um
532 4419 616 4463 sladem
637 4417 665 4461 sd
685 4423 789 4473 quattuor
809 4418 920 4472 legiones,
940 4429 984 4459 non
1011 4413 1096 4457 bellum
1110 4421 1186 4459 centn
1199 4416 1292 4459 Partbca
1306 4431 1325 4459 a.
1338 4420 1366 4458 bi
1380 4417 1463 4460 exarsit
1473 4415 1568 4472 (Tacitus
1583 4421 1720 4472 ann.1t,t);
1734 4411 1798 4466 unit}

190 4492 335 4547 aequabiliter
355 4495 430 4534 tamen
448 4491 594 4544 pertinuisse,
612 4496 638 4532 nt
655 4495 701 4533 tres
718 4489 846 4538 interirent,
867 4493 943 4542 quarta
957 4485 984 4530 ob
1011 4485 1065 4529 bant
1085 4487 1144 4529 enirn
1164 4487 1196 4530 ibi
1215 4493 1274 4532 ate
1290 4488 1391 4543 legiones
1412 4488 1519 4543 quinque,
1540 4489 1627 4532 seilicet
1646 4495 1734 4543 praeter
1753 4469 1798 4530 desti

190 4565 342 4619 nescioquam
356 4562 472 4618 eulpaeet
484 4561 554 4605 eladis
568 4561 741 4606 eommunionsm
754 4561 788 4603 ita
801 4564 984 4607 exauctoraretur,
1010 4569 1077 4610 supra
1096 4559 1220 4601 nominatas
1240 4559 1275 4600 111
1295 4559 1381 4602 Gallica
1402 4557 1500 4612 (naerens
1519 4547 1798 4610 ann.1e,so.1s‚snl³

189 4637 303 4678 utstatim
316 4634 472 4678 restitueretur
485 4637 680 4684 numeroretento,
694 4631 797 4676 similiter
806 4636 831 4672 ut
837 4630 984 4684 Vespasianus
1011 4626 1042 4668 tv
1051 4627 1153 4681 Septbiea
1166 4629 1265 4683 (Tacitus
1278 4633 1311 4679 16,
1324 4633 1343 4673 b.
1355 4635 1375 4675 l.
1385 4631 1431 4682 an),
1449 4629 1492 4670 ΧΠ
1504 4629 1622 4672 tulminata
1635 4630 1733 4684 (ranna
1747 4630 1790 4678 itt

190 4697 338 4752 mactaretis
354 4705 479 4759 legionibus
492 4705 524 4747 tv
537 4703 691 4747 Macedonicae
708 4708 733 4745 st
750 4702 801 4744 xvi
820 4701 916 4744 Gallicae
934 4700 985 4743 snb·
1011 4701 1059 4752 2⁶),
1076 4701 1100 4741 in
1114 4701 1148 4743 bis
1162 4707 1236 4745 antem
1251 4713 1295 4744 una
1308 4701 1351 4743 linit
1364 4715 1391 4746 ex
1404 4699 1522 4744 Germania
1540 4700 1568 4744 ad
1587 4701 1612 4743 id
1630 4701 1703 4756 ipsum
1723 4701 1798 4746 tanen

189 4778 264 4822 atitnlt
277 4778 308 4822 tv
326 4777 414 4822 sexul
431 4777 525 4820 Flavias.
553 4776 635 4818 Verum
647 4780 682 4818 est
698 4776 758 4818 inter
771 4787 797 4817 sa
810 4785 866 4828 quae
880 4771 908 4815 de
922 4771 984 4815 elada
1011 4771 1034 4813 in
1055 4771 1141 4826 Syriam
1160 4772 1227 4816 mlaaa
1247 4773 1346 4825 (Tacitus
1367 4777 1468 4824 ann.1³,
1483 4775 1525 4826 aa).
1556 4773 1589 4815 Ra
1609 4785 1714 4827 quaenam
1733 4771 1789 4816 beris

189 4849 231 4893 iila
243 4849 325 4892 tradita
338 4847 443 4894 babemus
456 4847 512 4891 nibil
526 4847 628 4901 reperiri,
650 4844 708 4900 qnod
728 4847 772 4889 bue
792 4849 853 4888 reete
874 4843 983 4893 natatur,
1011 4844 1136 4896 quaeritur,
1157 4856 1199 4887 nee
1217 4843 1281 4888 lauiie
1302 4845 1402 4900 quaestio
1416 4843 1532 4888 diiudicari
1546 4849 1632 4899 potest.
1653 4857 1703 4888 oum
1722 4811 1798 4896 audiui
