3696 5430
1489 393 1530 449 XI

180 578 340 640 rirrciarnm
380 575 521 638 divisione
554 576 706 638 adiunctos
739 573 915 647 decrevisse,
954 583 989 636 ut
1020 575 1204 655 Augusteum
1237 575 1320 637 lieret
1352 574 1527 656 Apolloniae.

147 684 150 688 ’
181 682 308 762 Utraque
337 681 422 743 aedes
448 679 577 742 dedicata
605 680 719 742 videtur
748 699 811 741 esse
838 679 970 756 Augusto
997 677 1075 752 rivo,
1104 678 1241 758 quoniam
1269 679 1348 759 quod
1374 679 1472 740 Asiani
1500 689 1530 742 et

180 785 298 866 Bithyni
331 793 398 866 post
424 783 575 846 victoriam
609 783 752 845 Actiacam
780 786 926 856 lecerunt,
961 782 1075 843 Galatas
1103 790 1132 842 et
1158 781 1270 842 Pisidas
1298 801 1366 844 mox
1399 782 1528 844 imitatos

181 907 246 950 esse
279 897 508 950 consentaneum
541 896 594 949 est.
647 887 798 949 Praeterea
826 887 928 948 titulus
961 885 1040 947 aedis
1068 885 1279 967 Apolloniensis
1302 887 1341 948 ita
1370 897 1529 967 conceptus

180 1000 234 1066 est,
257 999 291 1053 ut
312 991 428 1053 Tiberio
451 990 580 1052 noudum
604 990 736 1070 Augusto
758 992 899 1053 bonorem
923 989 1075 1070 babeat¹);
1097 990 1264 1069 Ancyranae
1284 999 1383 1067 autem
1406 990 1529 1070 Augusti

180 1094 422 1156 commentarium
446 1105 514 1174 post
532 1097 640 1155 lactem
665 1113 727 1156 eam
751 1077 878 1156 incisum
901 1113 965 1156 esse
988 1113 1022 1154 ex
1043 1091 1165 1155 aedilicii
1187 1092 1357 1154 condicione
1379 1093 1527 1156 architecti

180 1199 339 1260 effecerunt
366 1198 442 1276 (vide
465 1196 539 1258 infra
562 1215 589 1277 p.
605 1203 678 1270 uni).
719 1197 820 1276 ltaque
846 1197 932 1259 aedes
953 1197 1018 1258 illae
1040 1215 1100 1257 non
1122 1197 1324 1258 commentarii
1347 1195 1529 1278 proponendi

180 1319 266 1363 causa
289 1302 435 1364 dedicatae
458 1309 542 1374 sunt,
569 1300 620 1362 sed
644 1300 735 1380 magis
758 1300 950 1362 constitutum
973 1310 1032 1374 est,
1062 1308 1095 1362 ut
1117 1299 1167 1361 ubi
1189 1299 1335 1378 Augustea
1358 1311 1465 1373 essent,
1488 1300 1528 1360 ibi

180 1403 409 1467 commentarius
431 1404 461 1464 in
483 1403 555 1485 ipsis
576 1411 798 1484 proponeretur.

280 1508 484 1589 interpretatio
507 1507 613 1569 Graeca
636 1525 703 1568 cum
727 1507 827 1568 eadem
851 1505 890 1568 sit
910 1507 941 1567 in
963 1516 1088 1587 utroque
1110 1506 1277 1587 exemplari,
1300 1505 1344 1566 vel
1366 1504 1433 1567 inde
1448 1505 1529 1566 colli-

179 1614 259 1694 gitur
290 1631 354 1674 eam
389 1630 448 1674 non
480 1611 574 1673 redire
607 1610 642 1672 ad
673 1610 822 1672 decretum
853 1609 969 1689 aliquod
997 1609 1057 1670 sive
1083 1610 1302 1691 Ancyranorum
1330 1609 1442 1671 ordinis
1470 1609 1529 1670 sive

179 1716 446 1798 Apolloniensium,
473 1724 503 1777 et
532 1715 657 1776 Romani
684 1713 812 1776 bominis
829 1701 903 1775 ¹esse
930 1713 1005 1776 infra
1032 1734 1061 1794 p.
1086 1714 1145 1775 197
1176 1713 1359 1776 ostendimus
1388 1711 1437 1774 ubi
1464 1713 1529 1774 data

180 1840 267 1903 opera
298 1822 333 1883 de
360 1839 394 1882 ea
423 1819 587 1901 exponitur.
631 1818 732 1899 ltaque
758 1818 876 1899 publico
902 1817 1022 1880 consilio
1043 1828 1095 1880 aut
1116 1817 1226 1879 Romae
1248 1820 1321 1879 lacta
1343 1826 1439 1878 estet
1460 1834 1527 1878 carm

179 1924 392 1988 commentario
420 1923 523 1986 Latino
552 1924 587 1984 ad
613 1922 744 1984 civitates
773 1922 895 1983 Graecas
925 1921 1014 1983 missa
1040 1930 1092 1982 aut
1117 1922 1228 2000 legatus
1252 1920 1378 1982 Galatiae
1406 1928 1529 2000 utraque

180 2028 353 2110 exemplaria
387 2045 454 2090 cum
488 2026 655 2089 civitatibus
687 2026 742 2088 sibi
775 2025 900 2103 subditis
930 2025 1164 2087 communicavit.
1213 2025 1256 2086 Ad
1283 2024 1358 2086 hanc
1387 2024 1527 2104 originem

179 2132 261 2194 ducit
282 2131 359 2212 quod
382 2139 426 2192 est
448 2129 578 2210 Ancyrae
600 2131 630 2191 in
652 2129 880 2210 praescriptione
903 2129 1003 2191 Latina
1025 2129 1173 2209 exemplar
1197 2129 1344 2202 abionem,
1368 2127 1398 2189 in
1421 2129 1528 2190 Graeca

178 2236 487 2318 μεθηρμηνευμένα
515 2227 770 2317 ὑπεγράφησαν,·
804 2242 941 2295 neutrum
976 2232 1053 2295 enim
1090 2251 1157 2294 cum
1196 2234 1231 2295 ad
1263 2233 1374 2306 locum,
1408 2233 1439 2293 in
1470 2251 1528 2312 quo

113 2340 118 2351 '
178 2346 329 2420 prostant,
359 2345 438 2399 recte
464 2337 639 2419 applicetur,
671 2337 833 2399 subiciendi
859 2337 1030 2400 vocabulum
1058 2336 1176 2418 proprie
1203 2339 1328 2399 refertur
1354 2336 1389 2398 ad
1416 2335 1529 2398 instru-

180 2451 280 2504 menta
308 2441 441 2522 epistulis
471 2441 607 2503 edictisre
638 2441 783 2504 adiuncta.
832 2441 878 2504 Sic
910 2450 956 2503 est
988 2442 1018 2502 in
1051 2440 1174 2522 epistula
1200 2440 1244 2501 Pii
1271 2440 1334 2520 [lig.
1355 2439 1411 2513 48,
1435 2439 1470 2512 63
1494 2439 1527 2500 6:

179 2545 340 2625 exemplum
370 2545 461 2608 libelli
485 2546 547 2608 dats·
570 2545 640 2607 mibi
660 2591 667 2606 .
685 2591 716 2607 ..
737 2546 827 2608 subici
838 2550 933 2620 dossa
966 2547 1042 2626 apud
1069 2545 1196 2607 Plinium
1227 2562 1329 2626 paneg.
1346 2543 1406 2605 20:
1441 2543 1528 2606 edicto

179 2647 331 2720 subdenti,
361 2648 430 2730 guid
452 2652 484 2709 s'n
505 2659 655 2730 utrumque
677 2659 801 2712 oestrum
822 2660 891 2712 esset
912 2653 1086 2730 impensum
1115 2649 1146 2710 in
1168 2648 1291 2730 epistula
1314 2651 1528 2728 praefectorum

179 2751 325 2834 praetorio
340 2753 370 2815 C.
387 2752 435 2826 lx,
449 2752 548 2814 2438:
571 2753 733 2832 exemplum
754 2753 889 2833 epbtsloe
905 2757 1023 2834 scriptae
1037 2754 1118 2815 nobis
1140 2799 1147 2814 .
1163 2799 1170 2814 .
1189 2771 1276 2814 .cson
1290 2753 1331 2814 bs's
1346 2771 1417 2834 quoe
1431 2755 1528 2814 ιὀιιαο

179 2867 261 2919 mesu
286 2857 453 2918 subiecimus
479 2865 509 2918 et
537 2856 567 2918 in
594 2856 683 2918 altera
711 2856 808 2918 liberti
835 2856 1036 2919 arationibus
1058 2857 1180 2919 ibidem:
1209 2856 1371 2936 exemplum
1392 2855 1527 2935 eps'stnlne

178 2964 298 3040 scriptus
319 2959 390 3021 mibi
410 3005 417 3019 .
435 3005 466 3020 ..
488 2959 606 3034 snbr'ecs';
628 2959 659 3021 in
681 2960 805 3041 epistula
834 2961 941 3042 scripta
970 2960 1006 3022 ad
1033 2962 1103 3042 imp.
1128 2961 1267 3023 Severum
1291 2960 1321 3021 C.
1340 2960 1383 3028 vl,
1403 2959 1526 3021 1585a:

177 3064 332 3126 secundum
358 3063 485 3140 litterius]
507 3109 586 3124 ....
611 3065 690 3146 [gnus
711 3065 775 3128 bule
797 3065 898 3142 libelle]
920 3066 1039 3140 subieci3
1061 3065 1092 3126 in
1114 3064 1217 3127 edictis
1240 3063 1358 3144 strategi
1373 3063 1528 3125 Thebaidis

178 3165 209 3226 C.
225 3166 247 3227 1.
263 3167 312 3228 Gr.
328 3167 426 3230 4956:
455 3167 512 3250 τῆς
534 3169 748 3251 πεμφθείσης
769 3189 827 3246 μοι
843 3214 849 3229 .
868 3211 901 3229 ..
922 3165 1101 3252 ἐπιστολῆς
1122 3165 1183 3230 σὺν
1209 3167 1254 3249 τῷ
1277 3163 1527 3249 ὑποτεταγμένοι

176 3265 408 3352 προστάγματι
429 3267 471 3331 τὰ
492 3265 679 3354 ἀντίγραφα
701 3266 796 3354 ὑμεῖν
819 3268 1005 3351 ὑποτέταχα
1026 3281 1056 3334 et
1071 3271 1101 3333 C.
1117 3273 1139 3333 1.
1155 3272 1204 3334 Gr.
1221 3272 1320 3334 4957:
1343 3270 1401 3333 τοῦ
1417 3291 1528 3352 πεμφ-

177 3373 296 3445 θέντος
318 3393 375 3455 μοι
399 3370 621 3457 διατάγματος
637 3420 644 3436 .
660 3421 668 3435 .
685 3422 692 3434 .
709 3374 745 3438 τὸ
769 3371 971 3458 ἀντίγραφον
987 3371 1082 3457 ὑμεῖν
1096 3369 1252 3447 ὑπέταξα.
1284 3375 1425 3437 Videntur
1439 3374 1529 3454 igitur

179 3475 365 3556 magistratus
393 3476 537 3558 Ancyrani
569 3487 686 3559 accepta
717 3478 802 3559 legati
829 3479 953 3560 epistula
979 3497 1047 3541 cum
1079 3477 1211 3540 subiecto
1239 3478 1397 3559 exemplari
1424 3478 1527 3540 Latino

277 3723 296 3784 ¹)
314 3721 400 3774 Aliter
418 3730 507 3774 censet
525 3722 754 3788 Waddingtoninsa
772 3725 815 3775 sed
837 3725 859 3776 si
877 3727 1019 3792 imperante
1037 3724 1141 3776 Tiberio
1160 3725 1235 3776 aedes
1249 3724 1364 3776 dedicata
1381 3733 1458 3789 esset,
1476 3727 1528 3777 An·

176 3808 245 3874 gnati
263 3823 351 3859 nomeu
374 3809 400 3860 in
424 3824 454 3859 eo
480 3825 527 3860 usn
547 3811 746 3863 desideraretur.
787 3806 872 3868 Θεούς
889 3805 1042 3876 {edunensis
1063 3815 1130 3864 idern
1147 3823 1217 3865 recte
1236 3813 1366 3865 intellexit
1388 3813 1528 3876 significari

175 3894 486 3960 Augustonemetum,
512 3903 538 3946 et
561 3910 647 3948 vernn
671 3906 711 3950 eat
732 3899 788 3950 iure
805 3900 868 3950 banc
887 3900 1026 3962 Augustam
1045 3901 1138 3951 dietam
1157 3916 1213 3953 esse
1233 3906 1413 3967 postmortem
1432 3902 1528 3952 demunt

175 3982 269 4032 mariti.
305 3981 354 4032 Sed
372 3977 469 4032 Graeca
493 3981 606 4033 adulatio
630 3984 724 4035 similia
748 4001 823 4052 saepe
842 3987 980 4050 commisit3
1005 3993 1032 4038 et
1050 3994 1077 4037 nt
1095 3988 1192 4038 mittam
1211 4003 1322 4038 nummos
1341 3985 1528 4051 Magnesicrnna

175 4069 206 4118 ad
224 4067 338 4134 Sipylum
362 4067 482 4119 lectionis
506 4083 591 4135 parurn
616 4078 703 4123 certae
721 4070 828 4135 (Eclbsl
847 4073 863 4122 6
880 4088 904 4138 p.
921 4073 982 4134 15³3
1006 4070 1038 4122 el.
1057 4071 1172 4124 blionnet
1190 4073 1214 4124 5.
1232 4075 1257 4139 7,
1275 4074 1325 4124 376
1344 4091 1367 4124 n.
1381 4075 1438 4126 274.
1458 4075 1526 4142 275),

175 4155 202 4206 in
224 4155 292 4205 cusis
316 4153 462 4206 Alabandae
486 4155 542 4206 sine
565 4155 639 4206 dnbio
664 4157 724 4210 vivo
747 4160 861 4224 Augusto
885 4159 1000 4210 Miconet
1018 4159 1046 4222 3,
1069 4160 1116 4210 307
1137 4161 1205 4212 ιι,21
1225 4158 1265 4224 (cf.
1285 4176 1347 4212 mus.
1361 4161 1527 4213 Sanclement.

175 4239 195 4290 ll
213 4239 264 4292 tab.
286 4242 324 4302 tt,
337 4241 369 4292 23
387 4257 409 4307 p.
424 4240 465 4304 53)
489 4257 551 4293 vere
568 4244 708 4306 Σεβασιοί
729 4245 883 4312 adscriptum
908 4245 1011 4298 videtur
1032 4261 1088 4298 esse
1111 4247 1141 4297 ad
1160 4248 1240 4313 eapite
1259 4247 1367 4311 Augusti
1385 4255 1411 4298 et
1430 4248 1527 4302 Liviae.

176 4326 252 4378 bivia
279 4333 362 4378 nuum
385 4323 438 4378 aad
455 4322 578 4394 Σεβαστή
597 4329 666 4380 dicta
684 4329 764 4382 luerit
781 4348 812 4382 sn
835 4331 887 4384 θεὰ
905 4336 1019 4395 Λιουία,
1038 4333 1138 4383 dubium
1157 4340 1211 4398 est3
1238 4333 1285 4384 boc
1302 4335 1424 4401 praetuli,
1441 4352 1527 4402 quam-

175 4429 247 4480 quam
265 4412 330 4465 illud
348 4412 457 4464 sortasse
475 4415 631 4466 commendat
648 4419 713 4483 qnod
731 4418 758 4469 in
777 4421 883 4470 nummis
896 4418 1003 4470 Graecis
1022 4435 1071 4470 nen
1089 4420 1124 4470 ita
1142 4435 1202 4472 rare
1222 4420 1350 4472 invenitur
1367 4425 1454 4486 Λιβία
1473 4424 1527 4473 sive

174 4501 276 4551 Auente
297 4495 422 4564 Σεβαστή
445 4499 601 4564 (Magnesiae
624 4501 711 4555 Ioniae
735 4503 848 4557 blloaust
865 4505 889 4568 3,
904 4507 951 4558 147
971 4522 994 4556 u.
1008 4505 1072 4569 6353
1094 4505 1317 4571 diuninse,
1337 4508 1385 4558 270
1404 4525 1427 4559 u.
1448 4509 1527 4570 1236;

174 4585 303 4638 Tormenti
321 4586 357 4637 ib.
370 4587 396 4638 S.
408 4589 432 4650 7,
452 4587 499 4638 tto
523 4603 545 4637 n.
557 4587 621 4654 2³83
645 4589 753 4641 Ascania
776 4591 809 4642 ib.
829 4591 854 4642 S.
869 4593 892 4654 7,
909 4592 959 4643 489
979 4609 1001 4642 n.
1015 4591 1062 4652 383
1087 4591 1207 4660 Dorylaei
1226 4592 1258 4642 ib.
1271 4590 1296 4644 S.
1311 4594 1334 4654 7,
1353 4595 1401 4644 557
1421 4612 1444 4645 n.
1458 4595 1527 4658 326),

174 4679 204 4724 nt
225 4674 323 4725 nescias
353 4673 378 4724 in
402 4681 460 4724 utro
483 4674 606 4725 vocabulo
625 4677 777 4728 erraverint.
798 4707 830 4716 -
849 4679 942 4729 Caesar
960 4693 1096 4741 cognomen
1115 4678 1141 4728 in
1161 4675 1310 4730 Germanico
1331 4686 1358 4731 at
1375 4681 1431 4732 sina
1449 4681 1525 4733 dubio

175 4760 248 4811 etlam
276 4760 301 4811 in
325 4761 405 4812 Druse
433 4761 552 4813 omissum
581 4769 622 4814 est
648 4772 783 4830 prepterea
804 4765 867 4832 qnod
890 4765 917 4816 bi
940 4765 988 4815 due
1011 4765 1200 4830 cognominibus
1223 4766 1398 4832 appellantur,
1424 4783 1478 4822 eunt
1500 4768 1525 4818 ia

174 4843 279 4900 Tiberin
298 4842 362 4914 qnod
380 4847 423 4900 vel
442 4847 534 4901 Graeci
553 4864 703 4916 praenomen
721 4865 778 4902 esse
796 4851 941 4903 sentiebant
959 4867 1007 4902 uon
1026 4849 1144 4902 sufficere
1163 4851 1302 4904 videratur.
