3656 5444
330 391 392 454 122
924 387 957 455 V,
976 389 1082 445 36-38

327 568 356 630 in
379 567 545 650 provinciis.
583 566 690 629 &rum
714 567 837 629 oblitum
860 587 924 629 esse
947 568 1111 648 Augustum
1120 568 1143 644 ¹)
1166 569 1210 631 vel
1234 570 1345 632 scribae
1367 571 1450 652 culpa
1473 571 1619 652 Illyricum
1642 590 1683 631 ex

326 680 452 752 utroque
481 672 614 751 exemplo
642 672 784 733 excidisse
814 681 843 733 et
873 691 927 752 per
956 693 988 734 se
1014 691 1118 754 parum
1146 672 1295 753 probabile
1318 681 1362 734 est
1383 684 1413 736 et
1433 673 1502 736 inde
1524 677 1682 746 refutatur,
1795 735 1796 750 ,

326 775 404 854 quod
434 795 521 857 supra
550 795 579 856 p.
600 773 639 837 98
662 775 789 837 vidimus
818 775 895 837 inter
917 776 1097 856 provincias,
1126 795 1201 857 quae
1223 774 1362 838 adversus
1388 777 1550 840 Antonium
1573 796 1597 838 a.
1615 776 1682 838 722

326 879 526 948 coniurarunt
549 878 683 940 similiter
702 877 847 958 Illyricum
871 879 1039 941 desiderari.
1075 879 1169 953 Quam
1193 880 1315 941 obrem
1339 899 1431 942 unum
1454 889 1589 960 superest
1603 881 1684 941 ellu-

326 982 405 1063 gium
428 983 592 1063 Augustum
621 1001 670 1044 eas
699 982 776 1044 inter
797 981 910 1044 Italicas
940 983 1196 1045 connumerarisse
1224 1003 1259 1044 eo
1289 992 1420 1058 motum,
1448 985 1527 1064 quod
1549 983 1683 1045 coloniae

325 1087 380 1148 bae
401 1106 459 1166 quo
484 1097 614 1167 tempore
637 1086 778 1147 deductae
800 1094 871 1147 sunt
892 1086 990 1148 ltaliae
1012 1087 1120 1149 linibus
1142 1087 1473 1167 comprehendebantur,
1488 1106 1681 1168 quamquam,

324 1208 393 1252 cum
417 1188 546 1270 scripsit,
573 1189 680 1270 lllyrici
701 1191 791 1251 laetae
814 1199 910 1263 erant,
935 1191 1018 1252 cuius
1040 1191 1138 1271 ipsum
1162 1208 1270 1252 nomen
1293 1191 1442 1271 Augustus
1463 1191 1562 1273 posuit
1584 1192 1612 1263 5,
1635 1190 1681 1252 46
1795 1271 1796 1274 Ἴ

323 1311 464 1355 enarrans
490 1312 537 1355 res
565 1302 660 1372 gestas
689 1311 714 1352 a.
731 1292 801 1353 742.
845 1291 1050 1355 Difficultatem
1083 1293 1139 1355 boc
1163 1312 1280 1373 quoque
1302 1294 1385 1368 sacit3
1408 1313 1476 1356 nam
1499 1313 1680 1374 quamquam

324 1415 536 1477 saepenumero
557 1396 638 1457 ltalia
665 1395 704 1457 ita
733 1395 865 1476 ponitur,
894 1405 927 1458 ut
949 1397 1069 1459 Galliam
1091 1397 1259 1477 cisalpinam
1283 1398 1494 1478 complectatur
1514 1397 1578 1460 iure
1598 1415 1680 1470 cum,

324 1519 358 1562 ea
386 1499 519 1561 noudum
547 1499 748 1572 coniunctam,
778 1499 814 1561 ad
836 1499 983 1580 Illyricum
1012 1500 1040 1560 id
1068 1501 1191 1581 prolerri
1219 1519 1288 1562 sane
1315 1501 1445 1562 offendit.
1495 1502 1552 1564 Sed
1580 1510 1681 1582 potest

324 1603 474 1684 Augustus
499 1602 529 1663 id
555 1603 690 1665 consulto
720 1602 837 1676 lecisse3
864 1622 932 1664 nam
960 1603 985 1664 si
1008 1603 1149 1666 militibus
1171 1623 1256 1682 agros
1278 1603 1308 1664 in
1331 1604 1411 1666 ltalia
1434 1605 1580 1685 pollicitus
1601 1603 1680 1686 parti

324 1724 426 1768 eorum
448 1707 479 1768 in
500 1706 614 1788 Illyrico
637 1706 785 1781 satisfecit,
809 1706 839 1769 id
861 1708 938 1787 quod
960 1707 1065 1768 fecisse
1087 1725 1154 1768 eum
1178 1707 1337 1771 admodum
1361 1708 1517 1771 verisimile
1540 1716 1593 1779 est,
1616 1726 1678 1768 non

324 1809 386 1872 sine
409 1811 511 1872 idonea
534 1829 622 1872 causa
638 1809 783 1889 Illyricum
806 1829 902 1892 neque
924 1809 954 1871 in
977 1810 1133 1891 provinciis
1156 1810 1338 1873 enumerarit
1360 1830 1456 1892 neque
1478 1812 1616 1873 hocloco
1638 1809 1676 1870 ad

323 1913 436 1976 ltaliam
459 1913 599 1976 adiunxit.

422 2017 583 2080 Difficultas
605 2017 693 2079 altera
715 2035 806 2096 eaque
829 2016 923 2078 multo
948 2016 1036 2079 latius
1057 2025 1159 2097 patens
1181 2016 1309 2097 pertinet
1330 2018 1365 2079 ad
1388 2017 1516 2080 colonias
1539 2017 1678 2079 deductas

216 2180 217 2186 ,
323 2141 339 2183 a
370 2120 531 2184 triumviris
561 2121 602 2182 rei
631 2120 763 2201 publicae
790 2120 1027 2194 constituendae,
1058 2129 1203 2200 quatenus
1227 2121 1337 2183 scilicet
1358 2123 1508 2202 Augustus
1530 2139 1578 2183 eas
1600 2120 1679 2182 inter

323 2243 391 2286 suas
413 2224 578 2287 numerarit
599 2223 644 2285 vel
665 2242 725 2284 non
748 2223 919 2285 numerarit.
956 2223 1030 2285 Nam
1053 2224 1182 2285 coloniae
1204 2235 1272 2303 post
1294 2224 1403 2286 bellum
1418 2225 1603 2306 Philippense
1624 2224 1678 2285 de-

323 2327 427 2389 ductae
441 2326 611 2407 ignoramus
626 2326 710 2389 cuius
726 2326 862 2406 auspiciis
876 2327 1017 2390 deductae
1032 2326 1151 2401 luerint,
1175 2335 1276 2390 utrum
1292 2347 1395 2390 omnes
1410 2329 1520 2390 luerint
1534 2327 1676 2390 Antoniae

322 2430 424 2505 Iuliae,
454 2431 483 2492 id
513 2440 559 2492 est
584 2450 600 2492 a
628 2430 665 2492 Μ.
680 2431 807 2492 Antonio
835 2440 865 2492 et
886 2431 917 2493 C.
934 2431 1006 2494 lulio
1035 2431 1144 2512 pariter
1171 2433 1347 2494 constitutae
1378 2431 1460 2512 (nam
1484 2431 1586 2513 Lepidi
1613 2431 1675 2492 sine

322 2534 410 2597 dubio
439 2533 518 2597 nulla
544 2533 619 2596 ratio
646 2534 677 2596 in
700 2553 732 2596 ea
755 2552 786 2595 re
809 2534 906 2597 habita
927 2535 995 2614 est),
1022 2554 1059 2598 an
1081 2535 1152 2597 aliae
1174 2534 1333 2608 Antoniae,
1361 2534 1431 2596 aliae
1452 2533 1551 2597 lullae.
1594 2533 1674 2594 Illam

321 2639 414 2719 legem
437 2639 463 2700 si
485 2637 600 2700 tresviri
622 2638 714 2700 secmi
736 2647 815 2709 sunt,
839 2639 952 2701 devicto
965 2638 1092 2701 Antonio
1115 2649 1145 2701 et
1167 2638 1308 2700 memoria
1330 2638 1393 2700 eius
1415 2638 1550 2699 damnata
1569 2637 1674 2718 proba-

321 2741 378 2803 bile
400 2750 446 2804 est
467 2760 571 2804 omnes
593 2751 623 2802 et
647 2739 734 2803 Iulias
763 2760 841 2802 mere
863 2745 953 2804 lacus
976 2761 1039 2805 esse
1061 2751 1092 2805 et
1113 2743 1149 2803 ab
1171 2742 1303 2822 Augusto
1325 2742 1403 2805 inter
1425 2762 1493 2805 suas
1516 2740 1673 2803 numerari.

321 2844 448 2907 Alteram
476 2855 574 2908 autern
605 2844 681 2906 riam
711 2844 736 2905 si
765 2854 938 2922 tenuerunt,
965 2857 1033 2928 post
1061 2847 1212 2908 Actiacum
1240 2846 1348 2908 bellum
1377 2845 1507 2908 coloniae
1533 2843 1674 2906 Antoniae

321 2947 472 3011 desierunt
498 2948 617 3030 quidem
644 2965 817 3028 cognomine
844 2941 888 3011 eox
909 2949 965 3024 uti,
995 2950 1044 3012 sed
1073 2967 1133 3011 non
1155 2958 1309 3030 propterea
1330 2949 1459 3012 Caesaris
1481 2953 1574 3012 iactae
1596 2956 1674 3010 sunt

320 3050 427 3114 Utrum
449 3071 551 3116 verum
575 3052 622 3128 sit,
646 3051 799 3115 diiudicari
820 3072 879 3115 non
901 3062 1016 3135 potest3
1039 3054 1110 3115 baec
1132 3052 1276 3115 ordinatio
1292 3073 1326 3114 eo
1341 3053 1575 3126 commendatur,
1596 3051 1675 3130 quod

319 3153 370 3232 qui
395 3154 524 3234 priorem
552 3155 686 3236 sequitur
714 3175 873 3219 numerum
902 3157 1082 3219 coloniarum
1110 3174 1178 3218 eum
1201 3176 1290 3237 quem
1312 3156 1449 3238 princeps
1470 3156 1570 3236 posuit
1590 3155 1675 3232 longe

319 3257 508 3320 excedentem
530 3259 577 3320 air
600 3258 727 3322 evitabit.

419 3361 551 3424 Tertium
582 3362 647 3424 addi
677 3371 775 3444 potest
797 3363 875 3443 quod
898 3373 1053 3443 postquam
1076 3363 1237 3425 admissum
1261 3370 1307 3423 est
1328 3371 1430 3424 contra
1452 3363 1498 3424 ius
1520 3360 1673 3440 antiquum

321 3462 464 3526 coloniam
488 3465 596 3528 iterum
620 3467 724 3529 deduci
745 3485 842 3548 posse,
865 3466 1024 3529 admodum
1047 3467 1163 3529 dillicile
1185 3477 1231 3528 est
1252 3466 1326 3527 fines
1341 3485 1441 3546 regere
1455 3465 1533 3527 inter
1547 3463 1676 3526 coloniae

318 3567 537 3647 ampliationem
566 3567 597 3630 el
618 3569 833 3632 deductionem.
877 3570 920 3631 lta
943 3569 1074 3651 Hyginus
1097 3571 1144 3642 (de
1166 3571 1228 3633 lim.
1248 3589 1280 3648 p.
1299 3570 1389 3649 lan:
1422 3571 1503 3632 dous
1524 3568 1673 3648 Aegrotas,

318 3670 424 3752 inquit,
446 3671 513 3734 illos
535 3691 642 3753 caepae
664 3673 749 3736 arbes
770 3692 841 3754 qaae
864 3673 997 3736 deductae
1020 3693 1038 3734 a
1059 3673 1172 3753 regebas
1186 3685 1238 3736 aaa
1261 3675 1442 3737 dictatoribus
1455 3675 1583 3753 samara,
1606 3691 1675 3752 qaas

321 3774 461 3838 bellorum
488 3776 615 3838 abilenae
641 3781 815 3839 e'ateroeatus
844 3778 1031 3850 exhauserat,
1064 3777 1128 3839 dato
1149 3782 1254 3838 iterum
1277 3778 1401 3842 coloniae
1423 3783 1536 3841 nomiae
1556 3797 1674 3840 nomem

317 3881 420 3940 cloiam
442 3880 597 3960 ampliavit,
620 3881 757 3961 paasdm
779 3891 805 3942 et
826 3880 939 3961 finibus,
963 3901 1016 3960 pro
1039 3882 1172 3960 exemplo
1187 3881 1344 3944 nominans
1359 3882 1532 3945 lllnturnas.
1569 3882 1600 3943 ld
1616 3900 1673 3943 non

316 3983 427 4043 facturn
457 4001 522 4044 esse
549 3992 669 4064 propter
699 3982 815 4064 praedia
844 3983 1068 4063 qualiacumque
1095 3983 1195 4045 relicta
1218 3984 1248 4045 in
1271 3985 1383 4047 colonia
1405 3985 1501 4064 aliqua
1523 3995 1553 4047 et
1574 3985 1674 4066 paucis

316 4087 440 4147 fortasse
455 4086 599 4148 militibus
614 4086 763 4166 adsignata
779 4087 825 4148 vel
839 4086 907 4149 inde
922 4087 1076 4168 colligitur,
1092 4088 1171 4167 quod
1187 4098 1289 4150 auctor
1303 4088 1434 4150 coloniae
1449 4107 1558 4151 nomen
1573 4086 1674 4167 requi-

318 4187 356 4250 rit
378 4189 485 4251 iterum
509 4190 625 4265 datum;
647 4200 727 4253 recte
748 4197 847 4252 autem
872 4190 1006 4253 videmur
1028 4191 1155 4254 colonias
1177 4200 1245 4254 ante
1260 4192 1426 4272 Augustum
1442 4192 1581 4255 deductas
1596 4192 1673 4253 inter

318 4291 492 4355 constitutas
515 4294 551 4355 ab
573 4313 608 4356 eo
624 4303 687 4356 tum
703 4312 868 4368 numerare,
891 4313 958 4356 cum
976 4313 1084 4357 nomen
1099 4295 1205 4358 lulium
1221 4298 1423 4376 Augustumve
1437 4296 1672 4378 adsumpserunt.

418 4397 551 4459 Efficitur
578 4417 614 4459 ex
644 4417 732 4479 supra
760 4398 844 4460 dictis
871 4398 1061 4478 probabiliter
1082 4399 1160 4461 inter
1181 4399 1398 4480 duodetriginta
1420 4399 1549 4462 colonias
1572 4399 1674 4462 referri

319 4517 394 4577 quae
420 4499 611 4563 inveniuntur
632 4521 740 4564 nomen
764 4503 889 4582 gessisse
911 4513 962 4565 aut
984 4501 1124 4564 luliarum
1147 4513 1198 4565 aut
1219 4506 1428 4584 Augustarum,
1452 4505 1540 4565 modo
1562 4513 1673 4566 certum

316 4602 356 4664 sit
384 4601 413 4663 id
445 4603 591 4683 proticisci
620 4606 656 4667 ab
685 4606 742 4668 hoc
768 4607 832 4688 ipso
854 4606 996 4688 principe.
1040 4606 1225 4670 Laterculum
1249 4608 1290 4670 ita
1312 4611 1495 4682 conlectum,
1526 4627 1612 4688 quem
1643 4606 1673 4668 in

317 4741 529 4753 *-

415 4827 434 4891 Ι)
455 4825 481 4878 ld
499 4827 594 4878 nollem
611 4828 734 4880 statuisse
752 4843 791 4879 rna
808 4827 836 4880 C.
848 4827 866 4880 l.
880 4829 910 4880 1..
922 4827 954 4881 lIl
972 4845 995 4896 p.
1007 4829 1066 4882 ets.
