3656 5444
329 375 370 439 78
934 369 982 436 IV,
1004 371 1071 425 1-8

328 562 404 623 novt,
425 561 457 612 ut
478 555 510 612 ic
531 550 679 613 Ροαυοοίο
700 554 767 612 oroi
782 552 880 630 palmi,
903 554 970 612 ατοι·
992 551 1115 620 secundi,
1138 553 1227 630 proti,
1258 548 1345 611 siluae
1371 547 1562 630 ρίοαιίίίετοο,
1595 549 1681 612 siluae

328 655 469 736 cauare,
501 673 638 735 pasceret:
671 655 714 716 lis
746 654 876 716 munibus
905 654 1022 734 uectipol
1049 665 1087 716 ast
1116 655 1154 716 οιί
1182 654 1299 746 modum
1330 653 1467 715 ubertatis
1491 672 1546 733 per
1572 653 1680 733 τίαῳυίο

327 763 428 839 ιὐρετο
449 762 639 822 constitutum.

858 956 1032 1035 OAva
1059 957 1159 1034 XlX

403 1159 467 1204 aaa.
484 1141 541 1215 4‚1
573 1137 713 1222 lCririam
736 1147 766 1200 et
787 1138 942 1200 continens
969 1140 995 1201 ei
1018 1137 1229 1211 Chalcidicum,
1258 1137 1461 1217 templumque
1488 1135 1629 1218 Apollinis
1649 1135 1677 1196 in

526 1259 540 1305 a
570 1240 574 1326 Ι
594 1240 704 1304 Palatio
728 1260 796 1304 cum
820 1241 991 1322 porticibus,
1015 1241 1116 1302 aedem
1140 1239 1198 1301 divi
1221 1240 1283 1316 lull,
1307 1241 1458 1321 Lupercal,
1481 1241 1630 1321 porticum
1646 1239 1679 1300 ad

527 1364 539 1407 a
570 1343 689 1424 civicum
712 1344 902 1418 Flaminium,
930 1363 1018 1426 quam
1041 1345 1107 1406 sum
1130 1343 1267 1425 appellari
1289 1365 1394 1426 passus
1417 1364 1452 1406 ex
1474 1344 1595 1406 nomine
1617 1345 1678 1404 eius

528 1468 541 1512 τ
571 1451 622 1529 qul
645 1445 781 1530 prilorem
805 1449 911 1511 eodem
932 1449 962 1510 in
985 1449 1046 1510 solo
1062 1451 1170 1510 lecerat
1184 1448 1344 1524 Octaviam,
1368 1448 1503 1530 pulvinar
1517 1449 1554 1510 ad
1570 1448 1677 1510 circum

526 1573 539 1616 a
570 1551 741 1626 maximum,
761 1550 766 1634 1
785 1554 871 1616 aedes
894 1553 924 1614 iu
946 1551 1087 1632 Capitolio
1109 1551 1185 1613 lovis
1206 1555 1304 1614 feretri
1328 1561 1358 1614 et
1382 1553 1457 1614 lovis
1485 1552 1623 1625 tonantis,
1646 1551 1680 1629 [§]

529 1676 542 1718 c
571 1657 671 1719 aedem
688 1655 813 1732 Quirini,
829 1659 846 1732 ξ
867 1654 870 1730 l
890 1655 975 1720 aedes
998 1656 1143 1718 Minervae
1157 1657 1175 1730 ᾗ
1191 1665 1220 1717 et
1243 1655 1361 1718 lunoms
1383 1657 1508 1736 Reginae
1524 1659 1541 1731 ς
1557 1665 1587 1717 et
1607 1655 1681 1716 lovis

528 1779 541 1822 τ
572 1759 729 1822 Libertatis
757 1759 787 1822 in
809 1759 997 1834 Δαείρας
1017 1757 1021 1842 Ι
1041 1758 1141 1822 aedem
1165 1758 1272 1821 Larum
1300 1759 1331 1821 in
1353 1761 1469 1822 summa
1493 1760 1573 1821 sacra
1595 1759 1681 1832 via,§

528 1881 542 1926 e
572 1864 673 1927 aedem
705 1863 792 1926 deum
815 1863 969 1926 Penatium
999 1865 1029 1926 in
1052 1861 1173 1938 Velia‚§
1201 1859 1205 1946 Ι
1225 1863 1325 1925 aedem
1349 1863 1551 1939 luventatis‚§
1581 1862 1679 1925 aedem

574 1968 674 2030 Matris
696 1967 816 2047 Magnae
837 1967 868 2029 in
891 1965 999 2029 Palatio
1021 1967 1087 2029 feci.
1110 1965 1153 2049 §l

369 2091 415 2134 un.
435 2072 484 2147 10,
500 2090 541 2134 ‘rt
569 2069 573 2155 l
593 2067 855 2154 Βουλευτήρ[το]ν
877 2069 932 2132 καὶ
954 2067 991 2132 τὸ
1015 2068 1157 2152 πλησίον
1179 2063 1268 2157 αὐτῷ
1284 2063 1503 2146 Χαλκιδικδν,
1523 2073 1529 2153 Ι
1549 2067 1626 2133 ναόν
1648 2092 1680 2132 τε

526 2195 539 2239 t
563 2171 773 2249 ’Λπόλλωνος
800 2172 835 2240 ἐν
859 2173 1017 2257 Παλατίῳ
1048 2171 1109 2237 οὐν
1131 2183 1257 2248 στοαῖς,
1277 2172 1283 2252 Ι
1301 2171 1384 2238 ναδν
1405 2175 1489 2237 θεοῦ
1509 2169 1678 2252 siluatica,

525 2300 538 2343 o
572 2279 682 2354 Πανὸς
706 2275 814 2362 ἱερόν,
838 2275 937 2341 στοὰν
960 2275 1043 2358 πρὸς
1066 2273 1275 2362 ἱπζποδρόμῳ
1298 2279 1344 2362 τῳ
1367 2279 1679 2362 προσαγορευομένῳ
1797 2321 1798 2348 ,

526 2406 539 2448 o
572 2381 760 2468 Φλαμινίῳ,
777 2377 816 2466 ἣν
835 2380 839 2465 Ι
859 2383 958 2444 εἴασα
980 2375 1290 2464 προσαγορεύεσθαι
1315 2375 1351 2453 ἐξ
1372 2377 1533 2463 ὀνόματος
1555 2378 1679 2443 ἐκείνου
1797 2367 1798 2428 ἶ

493 2483 785 2568 ντὈκταΙουίαν,
820 2482 874 2565 δ[ς]
906 2485 1034 2566 πρῶτος
1061 2478 1162 2568 αὐτὴν
1189 2480 1384 2567 ἀνέστησεν,
1419 2480 1499 2548 ναδν
1526 2483 1609 2568 πρὸς
1636 2487 1679 2568 τῷ

497 2611 537 2656 ss
569 2587 724 2676 Ιμεγιίλῳ
752 2586 966 2674 ἱπποδρόμῳ),
990 2590 1025 2668 [ς]
1050 2588 1148 2662 ναοὺς
1175 2585 1210 2650 ἓν
1237 2586 1440 2672 Καπιτωλίῳ)
1465 2585 1470 2672 l
1496 2587 1579 2664 Διὸς
1604 2611 1678 2672 τρο·

516 2711 542 2755 ao
571 2690 762 2778 παιοῳόρου
785 2691 839 2756 καὶ
859 2691 941 2767 Διὸς
963 2694 1173 2775 βροντησίου,
1198 2690 1277 2756 ναδν
1298 2691 1302 2776 Ι
1326 2695 1514 2775 Ιίυρείν[ο]υ,
1531 2695 1567 2771 [ᾖ]
1583 2689 1678 2765 ναοιὶς

517 2819 541 2863 n
564 2795 712 2883 Ἀθηνᾶς
744 2798 800 2862 καὶ
828 2793 936 2881 Ἤρας
969 2795 1145 2878 βασιλίδος
1177 2795 1231 2858 καὶ
1263 2795 1267 2878 Ι
1292 2793 1374 2870 Διὸς
1401 2791 1613 2879 Ἐλευθερίου
1646 2794 1679 2858 ἕν

516 2921 542 2967 tt
564 2899 769 2988 Ἀουεντίνῳ,
793 2898 907 2986 ἡρώων
929 2898 1014 2984 πρὸς
1036 2902 1074 2989 τῇ
1093 2899 1097 2983 l
1119 2897 1191 2984 ἱερᾷ
1213 2895 1291 2985 ὁδῳ,
1315 2899 1406 2963 θεῶν
1421 2896 1632 2963 κατοικιδίων
1645 2894 1679 2962 ἕν

514 3027 539 3071 vs
571 3002 711 3086 Οὐελίᾳ,
741 3004 822 3072 ναὸν
851 3002 1048 3088 Νεόζτητοὶς,
1077 3003 1167 3082 valor
1195 3001 1317 3087 μητρὸς
1344 3003 1436 3068 θεῶν
1463 3001 1499 3067 ἐν
1523 3002 1677 3089 Παλατίῳ

568 3107 733 3196 inopom}

326 3244 504 3306 Graecorum
526 3261 704 3324 quamquam
735 3243 810 3304 bona
841 3260 910 3322 pars
937 3259 1017 3303 nunc
1039 3241 1159 3302 demum
1181 3242 1323 3321 patefacta
1346 3249 1400 3312 est,
1423 3258 1513 3321 pauca
1536 3239 1605 3302 inde
1628 3260 1677 3303 ac·

325 3357 487 3418 cesserunt,
515 3367 582 3409 nam
612 3347 715 3409 Latina
742 3365 858 3426 quoque
890 3345 1002 3424 integra
1029 3348 1089 3406 lere
1118 3331 1305 3425 supersunt
1335 3343 1367 3405 V.
1386 3345 1422 3404 11
1455 3345 1535 3424 quod
1564 3345 1679 3407 coniec-

326 3460 391 3513 tura
414 3451 569 3513 adsecutus
596 3461 642 3512 est
664 3449 805 3530 Bergkius
829 3445 941 3532 ἡρώων
962 3468 1016 3530 pro
1039 3445 1145 3532 ἡρῷον
1171 3448 1244 3529 lapis
1271 3446 1471 3523 confirmavit3
1497 3448 1574 3510 idem
1603 3460 1680 3511 recte

325 3553 491 3616 observavit
512 3553 595 3614 v.12
617 3572 634 3614 a
656 3553 773 3615 Graecis
795 3572 855 3615 non
880 3547 952 3633 ἱερᾷ
973 3552 1090 3627 aluisse,
1114 3553 1164 3614 sed
1187 3549 1268 3615 ναόν
1290 3560 1357 3614 ante
1379 3551 1480 3614 θεῶν.

426 3657 555 3738 Operum
572 3656 757 3738 publicorum
774 3675 847 3737 quae
863 3656 932 3718 lecit
942 3656 1092 3736 Augustus
1107 3655 1264 3718 laterculus
1281 3654 1445 3736 tripertitus
1460 3668 1515 3718 est.
1539 3655 1575 3718 Et
1586 3657 1679 3738 prima

324 3760 443 3841 quidem
466 3779 534 3841 pars
556 3779 582 3822 v.
602 3759 682 3823 1-8
705 3760 911 3842 complectitur
934 3778 1020 3842 opera
1042 3759 1158 3841 publica
1180 3778 1254 3840 quae
1276 3779 1292 3820 a
1315 3760 1377 3821 solo
1399 3761 1468 3822 lecit
1483 3763 1634 3840 Augustus
1648 3763 1678 3821 in

323 3866 387 3927 loco
415 3865 532 3947 publico
560 3884 693 3940 sacrove,
721 3875 781 3928 tam
808 3883 842 3928 ca
863 3885 938 3945 quae
961 3865 1103 3929 inlocum
1127 3863 1267 3927 similium
1291 3864 1488 3927 aedificiorum
1512 3864 1678 3928 dirutorum

324 3969 478 4032 subierunt
501 3969 563 4031 solo
585 3971 689 4032 eodem
711 3971 755 4032 vel
777 3972 837 4032 lere
860 3970 971 4042 eodem,
998 3979 1032 4030 ut
1052 3969 1183 4051 porticus
1206 3967 1323 4032 Octavia
1346 3979 1376 4032 et
1396 3970 1482 4032 aedes
1504 3969 1580 4031 lovis
1602 3972 1680 4031 lere·

325 4073 386 4147 nii,
419 4092 508 4153 quam
542 4091 632 4148 nova,
665 4082 698 4135 ut
727 4075 812 4136 aedes
845 4073 904 4137 divi
930 4073 1008 4150 lulii3
1039 4074 1165 4135 secunda
1196 4091 1220 4134 v.
1238 4073 1354 4136 9-20
1383 4091 1470 4154 opera
1495 4072 1611 4154 publica
1642 4073 1678 4134 ab

323 4176 455 4257 Augusto
477 4180 600 4252 relecta3
624 4177 707 4240 tertia
729 4197 756 4240 v.
772 4178 897 4240 21-23
921 4197 1007 4260 opera
1030 4177 1183 4259 publicae
1206 4179 1268 4240 solo
1290 4179 1365 4239 lacta
1387 4176 1424 4238 ab
1445 4178 1549 4239 eodem
1569 4178 1599 4239 in
1615 4177 1679 4238 loco

323 4281 445 4361 privato.
490 4280 563 4343 Cum
587 4300 620 4342 ea
642 4301 765 4362 operum
790 4283 996 4346 distributione
1018 4283 1211 4345 coniunctum
1233 4291 1287 4356 est,
1310 4281 1389 4362 quod
1410 4291 1495 4344 acute
1517 4281 1680 4344 observavit

324 4381 467 4446 llenricus
494 4384 599 4447 lordan
621 4385 759 4466 (Hermae
782 4387 837 4448 vol.
856 4389 894 4449 14
917 4407 944 4468 p.
962 4385 1022 4448 567
1036 4385 1111 4466 seq.)
1136 4386 1303 4466 Augustum
1331 4384 1479 4448 vocabulis
1505 4405 1580 4465 quae
1610 4393 1679 4447 suut
1797 4419 1798 4434 ι

324 4489 460 4568 templum
482 4490 616 4552 cloades
636 4508 697 4551 non
719 4490 888 4570 promiscuo
910 4510 998 4553 usum
1021 4509 1095 4563 esse,
1126 4490 1176 4551 sed
1202 4489 1274 4550 illud
1303 4489 1507 4552 tantummodo
1537 4507 1678 4570 usurpare

324 4592 354 4654 in
385 4591 501 4653 duobus
527 4591 631 4672 iisque,
659 4612 734 4672 quae
760 4595 878 4657 lecisset
903 4594 934 4656 in
962 4594 1024 4656 solo
1054 4594 1176 4676 privato,
1203 4591 1345 4673 Apollinis
1367 4592 1490 4654 Palatini
1517 4602 1547 4654 et
1568 4591 1677 4654 Martis.

326 4695 451 4758 Causam
476 4706 574 4758 autem
597 4695 773 4759 diversitatis
795 4717 855 4760 non
878 4699 1024 4779 explicuit
1069 4697 1140 4760 Mihi
1162 4697 1277 4758 videtur
1303 4697 1354 4776 qui
1382 4695 1482 4758 aulem
1511 4697 1588 4770 lacit,
1614 4696 1678 4757 loco
1797 4771 1798 4784 ῳ

324 4812 376 4863 aut
398 4819 480 4862 sacru
503 4807 587 4862 antea
609 4811 661 4862 aut
683 4801 799 4880 publico
821 4802 903 4882 (nam
927 4812 1086 4882 utrumque
1108 4821 1226 4864 summo
1248 4801 1312 4862 iure
1334 4801 1435 4862 eodem
1460 4800 1554 4862 redire
1573 4810 1677 4862 notum
