3656 5434
782 405 831 471 Vl,
853 405 955 460 13-23
1480 411 1540 472 149

189 587 284 666 gravis
313 597 343 649 et
368 587 497 669 prudens
524 587 600 649 cavit
625 586 681 648 sibi
712 595 770 647 tam
800 607 816 648 3
840 584 972 647 mendaci
999 584 1164 664 aequalium
1188 585 1343 666 obsequio,
1369 588 1541 667 quasivero

189 691 338 771 Augustus
369 691 477 752 3127
505 690 667 752 libertatem
696 690 795 771 populi
825 688 950 751 Romani
979 688 1158 762 restituerit,
1186 707 1274 767 quam
1302 708 1317 750 3
1343 690 1539 770 posteriorum

188 795 323 856 sollemni
344 812 451 868 errore,
474 795 557 873 quasi
579 813 614 856 eo
637 803 768 873 ternpore
791 792 1019 854 dominationem
1044 792 1138 872 palam
1162 793 1358 872 proclamarit.

289 897 432 978 Principis
464 897 602 960 vocabulo
631 898 780 976 Augustus
808 897 839 958 in
866 896 978 975 legibus
1005 895 1157 974 titulisque
1187 895 1341 970 abstinuit,
1373 907 1406 959 ut
1431 899 1540 972 debuit,

188 1020 255 1064 cum
284 1001 466 1080 magistratui
494 1001 568 1063 nulli
593 1001 798 1080 responderet,
833 999 883 1061 sed
911 999 946 1060 ad
973 1018 1061 1060 suum
1092 999 1188 1060 locum
1220 999 1408 1064 indicandum
1437 1013 1468 1064 31
1494 1003 1541 1064 bic

186 1104 216 1166 id
243 1105 375 1166 adhibuit
401 1114 431 1166 et
457 1104 524 1165 alibi
553 1105 583 1178 2,
606 1106 656 1165 45.
680 1105 708 1178 5,
732 1105 782 1164 44.
806 1104 835 1176 6,
859 1103 888 1164 6.
933 1101 1093 1164 Confirmat
1120 1103 1197 1164 idem
1223 1109 1362 1186 pn'acrpr's
1387 1111 1540 1168 iuventutis

188 1209 385 1270 denominatio
415 1227 474 1270 non
505 1207 569 1270 sine
598 1208 702 1270 idonea
735 1227 821 1270 causa
853 1205 968 1287 pneris,
1001 1207 1108 1286 quibus
1139 1207 1296 1288 imperium
1330 1210 1539 1284 destinabatur,

187 1324 216 1374 et
238 1313 377 1375 attributa
399 1321 429 1374 31
449 1321 608 1384 reservata,
639 1311 668 1372 id
697 1311 775 1391 quod
803 1329 891 1391 supra
918 1311 975 1372 iam
1003 1329 1032 1390 p.
1049 1311 1089 1371 57
1116 1309 1332 1374 observavimus
1359 1314 1454 1375 adlato
1476 1314 1540 1376 loco

188 1417 370 1478 memorabili
393 1415 501 1477 decreti
515 1414 701 1488 Pisanorum,
723 1413 774 1476 ubi
796 1424 961 1494 querantur
982 1414 1012 1476 C.
1029 1413 1180 1476 Caesarem
1196 1415 1321 1495 Augusti
1343 1417 1434 1478 lilium
1458 1437 1539 1498 erep-

187 1514 256 1582 1331Ι
273 1521 378 1601 populo
404 1519 533 1581 11313333
562 1524 622 1581 iam
649 1519 832 1599 designotlum
861 1521 1063 1596 siastissumom
1085 1537 1118 1579 33
1139 1519 1326 1582 se'millumum
1344 1524 1473 1600 peremis
1494 1524 1541 1582 saei

188 1625 340 1686 uirtutibus
364 1627 531 1704 prinoipem.
569 1622 732 1702 Scriptores
754 1641 869 1702 quoque
892 1621 993 1682 aetatis
1016 1621 1163 1701 Augustae
1185 1632 1215 1684 et
1236 1623 1406 1686 Tiberianae
1429 1623 1540 1705 princi·

187 1727 232 1807 pis
255 1727 394 1788 vocabulo
424 1725 558 1788 similiter
585 1735 725 1800 utuntur,
754 1725 939 1804 imperatoris
960 1734 1059 1786 autem
1081 1725 1122 1787 ibi
1144 1727 1286 1801 maxime,
1314 1728 1364 1789 nbi
1386 1729 1482 1807 agitur
1503 1730 1538 1790 de

186 1848 217 1890 re
251 1830 378 1892 militari.
422 1829 556 1892 Tiberius
582 1829 653 1892 adeo
686 1828 717 1890 in
750 1828 821 1908 ipsis
848 1829 942 1908 titulis
970 1847 1029 1890 non
1056 1847 1122 1890 raro
1151 1829 1207 1890 boc
1234 1830 1353 1892 nomine
1375 1833 1539 1912 appellatur

185 1933 326 2014 (princeps
352 1939 485 2014 optimus:
513 1934 545 1994 C.
566 1932 588 1994 l.
613 1931 710 2004 LVI,
734 1931 804 1993 002.
828 1933 889 1994 004
911 1959 954 1984 =
975 1931 1093 1994 llenzen
1116 1933 1214 2008 5393;
1241 1939 1362 2015 33113133
1385 1941 1539 1998 33133113-

185 2015 276 2098 emis
285 2041 428 2117 praeceps:
453 2038 522 2098 31.
539 2037 632 2110 313,
656 2035 695 2097 33
711 2063 754 2088 =
769 2035 857 2097 oren.
874 2033 931 2110 nm
951 2041 1085 2119 panope
1106 2049 1132 2098 er
1154 2049 1347 2101 commacu:
1371 2040 1459 2100 oren.
1476 2040 1536 2101 331

142 2183 149 2198 .
187 2167 227 2192 =
239 2140 269 2201 C.
286 2140 308 2201 l.
324 2141 355 2202 L.
372 2141 397 2202 ll
413 2159 442 2202 n.
465 2141 571 2220 2038),
594 2159 649 2201 333
664 2141 791 2201 multura
807 2139 892 2200 abeo
908 2141 1016 2202 aluisse
1031 2139 1153 2214 videtur,
1177 2149 1210 2202 ut
1225 2140 1300 2202 banc
1314 2142 1536 2222 appellationem

186 2244 342 2323 legitimam
370 2247 479 2306 laceret
505 2255 534 2306 et
557 2245 742 2315 sollemnem,
770 2242 929 2305 identidem
957 2243 1092 2305 dictitans
1116 2243 1252 2332 1111357,
1276 2245 1308 2324 8)
1331 2246 1483 2308 dominum
1506 2267 1538 2308 se

185 2365 249 2407 esse
264 2366 426 2420 servorum,
441 2347 647 2428 imperatorem
664 2346 801 2420 militurn,
817 2345 980 2426 principem
997 2345 1103 2407 civium
1121 2348 1168 2422 tes.
1184 2345 1356 2411 Stantsrecbt
1372 2349 1390 2410 2
1407 2370 1435 2430 p.
1452 2351 1537 2428 750).

285 2450 326 2512 De
349 2450 471 2530 Augusti
499 2450 618 2511 nomine
641 2448 756 2512 Caesari
778 2449 916 2530 imposito
938 2469 964 2510 3.
981 2449 1041 2510 727
1064 2448 1125 2511 lan.
1143 2452 1182 2512 16
1204 2450 1241 2529 (13
1263 2452 1342 2512 enim
1367 2471 1452 2514 verus
1475 2453 1537 2514 dies

187 2553 401 2633 videturesse)
430 2554 489 2616 dixi
517 2555 547 2615 in
570 2555 601 2616 C.
617 2554 639 2614 Ι.
655 2553 687 2614 L.
703 2553 788 2614 roll
810 2572 838 2633 p.
855 2552 927 2614 384.
976 2554 1074 2632 Agunt
1103 2549 1138 2614 de
1164 2573 1196 2616 ea
1223 2555 1352 2616 nominis
1375 2555 1537 2618 mutatione

189 2667 302 2736 praeter
331 2661 473 2720 fastorum
497 2657 754 2719 Praenestinorum
782 2665 812 2718 et
835 2656 931 2718 Ovidii
952 2656 1032 2718 locos
1063 2657 1149 2719 modo
1178 2660 1284 2720 relatos
1307 2659 1406 2722 feriale
1428 2660 1536 2721 Cuma-

185 2779 256 2820 num
273 2761 317 2838 (C.
333 2761 353 2821 l.
372 2761 402 2822 L.
420 2762 455 2834 x,
479 2761 592 2840 8315);
614 2761 713 2822 Livius
735 2761 875 2842 3ρ.134;
898 2760 1098 2822 Cassiodorius
1121 2762 1222 2823 ebron.
1236 2763 1271 2824 ad
1292 2782 1317 2824 3.
1334 2763 1410 2836 ’127;
1432 2763 1536 2824 Florus

188 2872 277 2937 extr.;
305 2864 390 2926 Oros.
410 2865 439 2938 6,
463 2865 513 2936 20,
537 2865 573 2934 8;
606 2864 731 2926 Velleius
752 2865 786 2938 2,
809 2865 865 2939 01;
895 2856 1053 2926 Sueionius
1075 2865 1148 2944 Aug.
1165 2866 1199 2939 73
1227 2865 1405 2928 Censorinus
1432 2865 1468 2927 de
1490 2866 1537 2928 die

185 2975 243 3027 nat.
260 2966 310 3040 21,
334 2967 370 3038 8;
392 2967 446 3030 nio
469 2969 519 3042 53,
545 2969 593 3030 16.

282 3071 393 3132 Triduo
422 3082 489 3134 ante
518 3089 606 3152 quam
635 3071 670 3133 de
692 3072 816 3150 Augusti
842 3071 961 3133 nomine
987 3070 1055 3133 fasti
1077 3069 1259 3133 Praenestini
1281 3072 1364 3134 aiunt
1385 3073 1534 3136 decretum

184 3175 291 3234 sactum
321 3193 384 3236 esse
411 3174 447 3236 de
471 3177 558 3237 domo
580 3175 644 3237 eius
666 3176 755 3237 lauris
777 3194 941 3255 coronaque
964 3175 994 3236 in
1017 3185 1192 3256 perpetuum
1215 3176 1395 3248 exornanda3
1423 3195 1534 3238 annum

184 3285 297 3354 praeter
311 3279 557 3340 commentarium
574 3287 719 3340 testantur
733 3297 874 3340 nummus
890 3297 997 3340 aureus
1013 3277 1134 3357 (Eckhel
1149 3277 1178 3351 6,
1195 3276 1251 3352 88;
1267 3277 1365 3340 Coben
1381 3283 1454 3358 Aug.
1471 3279 1534 3358 30),

183 3379 212 3440 in
242 3399 299 3458 quo
322 3382 358 3441 ab
381 3382 469 3443 altera
492 3358 574 3462 parte
596 3382 703 3462 legitur
727 3381 909 3444 Caesareos.
939 3383 1272 3455 ninivitarumque,
1302 3382 1338 3443 ab
1360 3383 1448 3444 altera
1470 3402 1535 3445 cer-

182 3484 263 3544 nitur
290 3485 385 3564 aquila
412 3485 464 3548 alis
493 3486 629 3566 expansis
656 3505 780 3562 coronae
802 3486 941 3547 insistens
963 3485 1040 3546 inter
1062 3485 1133 3546 duas
1156 3485 1256 3547 laurus
1278 3485 1425 3566 adscripto
1446 3507 1534 3569 supra

182 3589 337 3667 Augustus,
366 3587 442 3650 inira
463 3609 486 3650 s.
510 3608 542 3660 3.,
566 3597 595 3650 31
617 3588 670 3651 Dio
693 3589 800 3662 53,16
823 3591 858 3651 30
881 3609 906 3650 a.
930 3588 1006 3668 727:
1036 3584 1073 3650 τό
1096 3609 1130 3648 es
1153 3586 1211 3660 τὰς
1231 3571 1360 3671 <lepras
1383 3589 1448 3672 πρὸ
1471 3592 1535 3655 τῶν

182 3687 360 3770 βασιλείων
388 3687 489 3754 αὐτοῦ
521 3695 752 3775 προτίθεσθαι
781 3693 836 3754 καὶ
866 3690 902 3755 τὸ
929 3691 987 3754 τὸν
1015 3694 1180 3774 στέφανον
1205 3690 1261 3754 τὸν
1291 3691 1425 3775 δρύινον
1451 3691 1534 3777 ὑπὲρ

181 3788 287 3856 αὐτῶν
308 3787 478 3874 313τᾶ3631
502 3787 577 3859 τότε
599 3791 633 3858 oi
655 3786 700 3868 uic
721 3794 776 3857 καὶ
800 3791 852 3857 ἀεὶ
875 3792 949 3869 τούς
970 3818 1006 3857 τε
1027 3793 1206 3877 πολεμίους
1227 3797 1360 3860 νικῶντι
1383 3791 1534 3872 καὶτοὺς

181 3893 319 3970 πολίτας
352 3895 488 3970 σώζοντι
518 3897 708 3982 ἐψηφίσθη.
757 3899 853 3980 lpsarn
882 3899 999 3961 ianuam
1030 3901 1167 3980 proponit
1196 3919 1337 3962 nummus
1365 3900 1396 3960 L.
1420 3901 1533 3964 Caninii

167 4001 482 4100 Ῥ3111(631133438.
506 4002 581 4083 385)
608 4021 675 4064 cum
704 4020 811 4064 corono
839 4022 927 4083 super
953 4021 1017 4064 eam
1044 4022 1185 4084 suspensa
1208 4003 1352 4084 adscripto
1374 4003 1533 4068 hincinde

181 4104 213 4166 ob
246 4105 341 4182 30333)
371 4110 521 4180 31333133)
549 4106 669 4187 adpietis
699 4105 789 4168 lauris
820 4107 942 4168 duabus.
991 4107 1135 4168 Coronam
1165 4107 1323 4186 laurusque
1350 4107 1533 4188 coniungunt

180 4208 296 4268 nummi
322 4208 383 4281 alii,
411 4209 498 4269 modo
519 4209 598 4271 inter
618 4211 719 4272 laurus
742 4211 814 4272 duas
836 4211 1010 4272 collocantes
1034 4229 1172 4272 coronam
1195 4229 1261 4272 cum
1285 4211 1478 4290 adscriptione
1499 4211 1532 4270 ob

180 4315 246 4372 31313
265 4323 398 4382 servatos,
423 4321 455 4374 ut
476 4313 583 4374 visitur
604 4313 634 4374 in
657 4333 745 4376 aureo
767 4314 799 4375 L.
817 4313 935 4394 Aquillii
957 4313 1034 4374 Flori
1057 4314 1167 4388 (Ceben
1184 4316 1257 4392 Aug.
1275 4314 1349 4386 356)
1372 4324 1402 4375 31
1422 4315 1530 4396 passim

179 4413 210 4474 in
243 4413 385 4476 sestertiis
419 4417 516 4482 333313
550 4417 662 4496 (631133
684 4421 758 4496 Aug.
780 4417 838 4478 341
863 4421 946 4493 331),
977 4419 1063 4479 niodo
1089 4416 1125 4478 ab
1147 4417 1235 4480 altera
1257 4430 1338 4497 parte
1361 4416 1531 4480 exhibentes

179 4517 279 4578 laurus
308 4518 394 4592 duas,
422 4519 457 4580 ab
480 4520 569 4582 altera
591 4539 728 4582 coronam
752 4539 893 4600 quernam
917 4521 1193 4583 circumcludentem
1218 4521 1303 4581 verba
1327 4523 1359 4584 30
1382 4525 1532 4584 31313333-

76 4674 87 4702 ,
179 4632 258 4683 votos
270 4620 383 4702 (Ceben
395 4622 468 4702 Aug.
482 4623 566 4700 206).
600 4624 655 4685 Alii
673 4643 777 4687 rursus
798 4625 897 4686 laurus
917 4625 992 4686 solas
1010 4634 1179 4705 proponunt
1196 4624 1308 4704 (Ceben
1321 4627 1392 4704 Aug.
1406 4624 1530 4686 43-48

179 4735 208 4787 31
237 4725 374 4787 adiuncto
402 4727 504 4806 clupeo
531 4746 560 4787 n.
584 4727 638 4806 50)
660 4728 705 4789 vel
727 4728 818 4790 solam
841 4747 979 4789 coronam
1002 4747 1069 4790 cum
1092 4728 1287 4808 adscriptione
1310 4728 1394 4790 solita
1417 4729 1528 4808 (Ceben

179 4828 251 4908 Aug.
269 4827 447 4891 207-212.
470 4829 541 4892 301.
565 4831 636 4894 426.
661 4832 837 4894 476-478.
862 4833 945 4908 482).
975 4833 1116 4894 Auctores
1139 4841 1168 4894 31
1183 4831 1310 4893 manime
1324 4841 1426 4913 poetae
1442 4851 1530 4894 orna·
