3696 5430
341 378 489 434 xxxam
560 353 561 356 ‘

340 560 376 622 ad
399 558 617 641 topographiam
640 556 722 619 urbis
743 555 854 619 Romae
876 556 1000 637 benigue
1030 567 1060 620 et
1085 556 1177 638 perite
1199 575 1247 620 me
1269 557 1377 620 adiurit
1400 557 1559 621 henricum
1582 559 1692 624 Jordan

340 662 511 745 praesertim
528 661 669 741 Georgius
684 659 784 722 Kaihel
807 661 930 724 Graecae
952 659 1187 742 interpretationi
1210 664 1390 724 fructuosam
1414 681 1515 724 curam
1537 662 1691 746 impendit

439 767 485 828 IV.
519 765 597 828 llaec
617 765 767 846 excipiunt
789 764 897 826 scholia
920 783 993 840 mea,
1016 764 1124 846 quibus
1146 773 1267 846 propter
1287 763 1406 827 lectoris
1420 767 1610 829 commodum
1626 777 1693 831 tex-

341 880 404 934 tum
420 880 580 950 utrumque
596 868 763 950 suppletum
786 868 923 942 eundem,
946 870 982 931 de
997 887 1056 948 quo
1071 869 1159 931 modo
1174 868 1243 944 dixi,
1266 868 1446 950 capitulatim
1461 870 1626 952 praeposui.
1658 872 1694 934 ln

340 975 376 1037 iis
404 974 522 1038 scholiis
544 974 667 1037 eandem
689 974 749 1034 lere
770 972 864 1053 legem
887 981 1006 1034 secutus
1028 991 1105 1046 sum,
1128 973 1164 1034 de
1187 993 1243 1053 qua
1265 991 1354 1054 supra
1376 973 1498 1054 exposui
1519 974 1550 1036 in
1573 976 1694 1058 supple-

341 1077 463 1153 mentis,
496 1077 567 1140 lalsa
594 1085 625 1138 et
650 1075 857 1157 praetermissa
884 1083 918 1137 ut
948 1075 1164 1156 corrigerentur
1194 1085 1223 1138 et
1250 1076 1437 1157 explerentur
1465 1077 1527 1140 sinc
1553 1080 1693 1143 continua

339 1183 472 1266 priorum
502 1179 708 1260 exagitatione,
735 1199 771 1240 ex
799 1179 836 1240 iis
858 1189 958 1241 autem
985 1199 1060 1260 quae
1082 1199 1149 1242 vera
1172 1190 1202 1243 et
1223 1179 1382 1262 probabilia
1403 1180 1424 1242 ii
1446 1181 1622 1258 attulissent,
1643 1202 1694 1245 re-

340 1287 457 1350 condita
486 1293 601 1347 tantum
636 1292 666 1345 et
693 1283 785 1363 magis
819 1282 961 1362 exquisita
987 1283 1177 1347 laudarentur
1205 1284 1327 1347 nomine
1354 1284 1475 1347 adiecto.
1522 1285 1597 1348 Nam
1624 1305 1693 1350 cum

340 1393 411 1453 haec
433 1389 472 1452 sit
493 1386 641 1451 eiusmodi
662 1386 942 1449 commentariorum
964 1386 1049 1461 ratio,
1072 1396 1186 1450 utnon
1209 1406 1299 1468 pauca
1321 1387 1468 1469 interpres
1481 1388 1618 1452 omittere
1633 1410 1695 1454 non

340 1496 444 1559 debeat
470 1512 525 1556 nec
552 1493 624 1554 adeo
652 1500 740 1573 queat
766 1510 783 1553 a
812 1490 917 1571 quovis
943 1491 1063 1553 homine
1089 1510 1147 1553 non
1177 1491 1244 1554 rudi
1270 1491 1351 1554 nullo
1373 1494 1491 1573 negotio
1512 1495 1693 1574 reperienda,

341 1599 410 1661 talia
436 1597 503 1678 quis
530 1597 645 1678 primus
676 1594 807 1657 attulerit
832 1613 887 1656 nec
917 1593 1047 1675 quaesivi
1073 1615 1128 1657 nec
1155 1596 1298 1658 adnotari.
1343 1596 1396 1658 Est
1422 1596 1500 1658 enim
1525 1598 1696 1680 interpretis

340 1721 400 1766 non
423 1702 517 1764 solum
542 1719 631 1762 suum
654 1699 759 1780 cuique
782 1698 920 1774 tribuere,
943 1698 994 1760 scd
1020 1699 1107 1762 etiam
1129 1719 1177 1762 res
1200 1701 1333 1763 omnium
1349 1719 1522 1766 communes
1537 1721 1554 1763 a
1568 1703 1696 1784 propriis

341 1816 370 1868 et
393 1805 507 1868 eximiis
530 1822 692 1878 secernere,
721 1803 916 1883 abhorretque
939 1803 1060 1865 omnino
1082 1823 1099 1865 a
1121 1803 1227 1866 studiis
1249 1804 1330 1866 hisce
1351 1804 1520 1867 liberalibus
1539 1806 1625 1869 anxia
1639 1825 1695 1869 au-

341 1909 485 1974 ctoritatis
508 1907 640 1989 quaestio
662 1907 750 1970 etiam
773 1908 803 1970 in
825 1907 871 1981 iis,
893 1926 969 1986 quae
991 1905 1016 1968 si
1038 1909 1089 1987 qui
1111 1907 1168 1970 sibi
1182 1907 1317 1984 vindicet,
1340 1909 1521 1990 pauperrimi
1535 1912 1646 1992 ingenii
1661 1933 1695 1976 se

342 2035 407 2078 esse
428 2014 492 2095 ipsa
515 2031 546 2074 re
569 2013 750 2074 confiteatur.
795 2009 932 2074 Ceterum
954 2010 1103 2073 iudicium,
1117 2022 1181 2074 esto
1202 2013 1279 2093 apud
1300 2013 1425 2075 lectores
1447 2033 1555 2094 aequos
1578 2024 1608 2077 et
1621 2035 1696 2097 pru·

341 2120 453 2192 dentes,
476 2115 706 2179 commentarius
722 2116 846 2196 Augusti
867 2133 940 2177 num
963 2115 1021 2177 iam
1042 2115 1159 2196 plenius
1181 2125 1211 2178 ct
1232 2116 1339 2179 cerbus
1362 2117 1547 2199 intellegatur
1568 2137 1628 2182 nun
1643 2139 1696 2182 so-

340 2225 402 2286 lurn
424 2230 545 2304 propter
565 2239 640 2283 nova
664 2218 793 2282 subsidia
816 2219 898 2300 (nam
920 2219 975 2282 hac
996 2219 1114 2300 quidem
1137 2219 1173 2282 de
1195 2239 1227 2281 re
1249 2236 1337 2282 nemo
1359 2220 1508 2302 ambiget),
1531 2222 1694 2286 sedetiam

341 2333 461 2408 propter
482 2343 594 2397 curam,
616 2341 703 2404 quam
727 2342 780 2404 ego
802 2323 833 2385 in
855 2341 923 2385 euru
946 2322 1086 2404 impendi.

440 2428 473 2492 V.
507 2428 637 2508 Denique
670 2436 786 2509 praeter
812 2435 969 2490 tractatum
1000 2426 1035 2488 de
1065 2425 1097 2487 P.
1119 2425 1240 2508 Sulpicii
1261 2425 1387 2500 Quirinii
1415 2427 1500 2492 titulo
1527 2428 1693 2506 Tiburtino,

341 2553 429 2616 quem
454 2542 535 2596 extra
558 2533 691 2596 ordinem
713 2531 819 2607 addidi,
841 2531 950 2594 subieci
972 2529 1083 2592 indices
1106 2538 1166 2592 tres
1187 2530 1368 2611 pertinentes
1390 2531 1426 2594 ad
1445 2533 1692 2596 commentarium

339 2638 473 2719 Augusti,
495 2646 685 2718 conspectum
708 2655 808 2698 rerum
832 2634 994 2698 secundum
1017 2633 1149 2720 ordinem
1173 2644 1340 2716 temporum
1361 2654 1422 2698 nou
1438 2635 1573 2699 inutilem
1588 2638 1694 2720 opinor

339 2762 439 2805 rerum
473 2741 672 2806 Romanarum
706 2740 814 2803 futuris
840 2737 1074 2829 enarratoribus3
1101 2737 1228 2800 indicem
1260 2738 1417 2801 verborum
1447 2741 1573 2822 exempli
1596 2741 1694 2804 Latini
1724 2776 1730 2790 ·

341 2845 462 2910 adiectis
485 2864 560 2926 quae
582 2844 778 2927 respondeant
797 2843 944 2907 vocabulis
967 2843 1093 2918 Graecis,
1116 2840 1284 2923 praemissis
1313 2851 1412 2905 autem
1438 2843 1693 2908 observationibus

339 2949 515 3030 quibusdam
531 2949 567 3010 de
583 2947 769 3027 monumenti
791 2946 997 3028 orthographia
1012 2955 1043 3009 et
1056 2946 1093 3008 de
1107 2945 1202 3007 indole
1218 2946 1427 3027 metaphrasis;
1449 2946 1576 3010 indicem
1591 2967 1693 3012 rerum

339 3053 487 3134 potiorum
510 3053 543 3114 in
564 3043 682 3115 scholiis
704 3060 956 3134 pertractatarum.

438 3156 484 3218 vl.
517 3155 671 3220 Adiectum
694 3163 739 3218 est
760 3156 926 3236 exemplum
949 3151 1285 3236 photobthographicum
1309 3155 1493 3217 monumenti
1516 3156 1616 3219 totius.
1659 3158 1694 3220 ld

340 3269 373 3322 ut
405 3261 442 3322 ad
470 3261 561 3342 spatia
588 3260 751 3322 delinienda
778 3259 888 3322 utiliter
913 3259 1045 3322 adhiberi
1070 3266 1180 3339 potest,
1213 3256 1254 3318 ita
1283 3257 1319 3320 ad
1346 3259 1544 3338 agnoscendas
1570 3259 1692 3335 litteras,

340 3363 376 3426 de
401 3363 510 3443 quibus
537 3363 663 3426 dubitari
685 3371 796 3444 potest,
819 3380 1001 3442 nequaquam
1026 3361 1160 3424 sufficiet.
1203 3359 1300 3422 Nihilo
1323 3361 1423 3424 minus
1445 3361 1475 3425 id
1496 3362 1532 3425 ab
1554 3365 1608 3426 hac
1629 3365 1693 3428 edi-

339 3467 419 3530 tione
440 3486 478 3529 ne
500 3467 623 3542 abesset,
646 3467 793 3529 academia
815 3475 916 3530 nostra
938 3465 1074 3538 decrevit,
1102 3473 1132 3528 et
1154 3473 1253 3546 gratus
1277 3463 1350 3526 mihi
1371 3465 1470 3528 iussus
1492 3463 1549 3529 hdt
1570 3477 1693 3550 propter

340 3590 488 3635 summam
512 3570 698 3633 monumenti
719 3571 900 3651 dignitatem.
943 3572 980 3632 At
1001 3569 1027 3632 si
1049 3568 1100 3650 qui
1122 3569 1158 3630 de
1179 3568 1303 3632 lectione
1329 3577 1431 3631 nostm
1453 3570 1606 3646 dubitabit,
1628 3574 1694 3655 ple-

338 3693 465 3755 rumque
490 3692 551 3737 non
577 3674 614 3737 ad
646 3674 760 3737 tabulas
791 3682 924 3750 nostras,
959 3674 1010 3736 sed
1031 3674 1068 3736 ad
1101 3673 1236 3736 matrices
1265 3692 1338 3753 quas
1364 3673 1552 3738 adhibuimus
1579 3677 1693 3738 autad

338 3779 437 3860 ipsum
460 3796 591 3840 marmor
611 3777 648 3840 lis
667 3777 853 3870 diiudicanda
875 3779 940 3841 erit.
1554 3766 1558 3774 ’

439 3881 517 3944 Haec
540 3881 648 3962 paravi,
671 3891 705 3944 ut
727 3881 847 3944 titulum
869 3881 946 3943 inter
968 3879 1088 3942 Latinos
1109 3879 1284 3962 primarium
1306 3881 1347 3943 ita
1368 3899 1575 3963 proponerem,
1597 3892 1631 3945 ut
1644 3903 1693 3946 res

339 3985 464 4068 requirit
496 3985 684 4066 subsidiaque
718 3973 904 4067 permittunt.
945 3984 1005 4047 lam
1033 3983 1131 4066 prodit
1157 3985 1386 4047 commentarius
1414 4004 1515 4049 rerum
1542 3995 1690 4066 gestarum

339 4093 397 4156 divi
411 4089 535 4170 Augusti
555 4107 623 4152 cunr
639 4089 800 4170 integritati
816 4109 885 4152 suae
900 4090 1065 4164 restitutus,
1088 4097 1169 4151 certe
1180 4088 1261 4151 nullo
1276 4088 1358 4150 biatu
1373 4088 1484 4151 maiore
1498 4088 1691 4172 interruptus,

340 4206 404 4258 tum
427 4203 495 4275 post
516 4193 612 4275 apices
635 4212 738 4256 omnes
748 4213 828 4256 ¹oum
851 4211 921 4256 cura
935 4203 966 4257 ct
979 4194 1036 4256 lida
1051 4201 1186 4274 exceptos
1201 4191 1334 4255 lectionis
1348 4191 1379 4254 in
1396 4193 1564 4255 universum
1581 4204 1691 4270 certam

328 4309 459 4362 etcum
482 4307 548 4360 vota
570 4298 710 4360 iaciamus
733 4307 766 4360 ut
787 4297 839 4379 qui
860 4307 927 4380 post
949 4316 1004 4360 nos
1023 4297 1149 4371 venient,
1172 4314 1246 4377 quae
1269 4295 1365 4358 adhuc
1380 4305 1540 4377 supersunt
1554 4308 1692 4380 corrupta

339 4411 369 4464 et
389 4401 483 4464 lacera
505 4402 663 4464 emendent
684 4410 714 4464 et
735 4403 877 4483 expleant,
900 4401 1046 4483 plerisque
1067 4410 1146 4464 certe
1161 4399 1310 4481 occupatis
1326 4408 1355 4462 et
1369 4400 1511 4464 absolutis
1526 4401 1590 4464 iure
1605 4402 1692 4464 nobis

339 4505 520 4587 gratulamur
541 4513 660 4587 propter
682 4505 830 4586 egregium
854 4514 1081 4569 monumentum
1096 4513 1197 4567 nostra
1212 4513 1306 4566 aetate
1320 4513 1524 4586 recuperatum
1540 4505 1692 4568 communi

339 4628 427 4690 opera
447 4608 533 4688 Angli
564 4609 692 4671 hominis
718 4618 748 4672 et
770 4609 842 4672 Galli
871 4619 901 4672 et
922 4609 1017 4690 aliqua
1039 4627 1156 4692 quoque
1177 4617 1278 4672 nostra
1299 4592 1455 4672 hominum
1478 4610 1691 4673 Germanorum

340 4713 489 4775 Humanni
512 4732 644 4794 meaque⁴
