3656 5444
769 385 802 453 V,
821 386 925 442 24-31
1463 385 1524 450 113

175 575 329 635 burconem
355 571 429 650 repis
450 568 619 631 Artavasdis
639 566 750 649 filium,
777 569 849 646 repis
871 566 1076 628 Ariobarzanis
1098 573 1234 643 nepotem.
1279 563 1443 627 Potuerunt
1467 563 1525 626 uti·

174 693 230 754 que
257 672 332 735 Medi
358 671 494 734 factionis
515 670 676 744 Romanae,
704 668 815 730 scilicet
845 667 950 730 infensi
972 665 1089 729 Parthis
1111 685 1272 747 eorumque
1294 667 1393 730 clienti
1414 668 1524 742 drmxi,

173 787 258 840 antea
290 786 407 839 mortuo
438 793 505 854 rege
532 773 663 853 legitimo
691 771 862 846 Artavasde,
889 771 1040 852 quemad
1068 770 1234 848 Augustum
1262 769 1388 832 vidimus
1420 773 1525 833 coutu-

174 881 250 960 gisse
277 890 307 942 et
328 879 438 940 Romae
459 877 536 938 diem
560 875 676 950 obiisse,
699 875 791 938 filium
814 875 878 938 eius
899 875 1008 957 pariter
1030 873 1139 936 Romae
1161 873 1313 953 degentem
1336 873 1372 935 ab
1392 874 1525 954 Augusto

174 992 325 1064 expetere3
347 1001 414 1044 vere
437 991 534 1043 tamen
557 998 626 1042 eum
649 997 738 1060 regno
760 988 881 1060 paterno
896 979 1024 1061 potitum
1040 997 1103 1042 esse
1119 996 1172 1060 per
1186 977 1400 1060 expeditionem
1416 977 1525 1040 lloma-

174 1105 280 1150 uorum
302 1085 504 1148 Armeniacam
526 1102 551 1144 a.
569 1082 630 1144 734
652 1082 799 1164 probabile
822 1092 876 1147 est.

274 1187 331 1252 Nee
355 1187 477 1270 Timent,
501 1185 618 1254 Tacitus
640 1187 680 1248 ait
702 1189 783 1268 (ann.
799 1188 827 1262 2,
844 1189 886 1268 3),
910 1189 1081 1252 diuturnum
1092 1189 1242 1268 imperium
1257 1186 1314 1265 suit
1329 1205 1417 1266 meque
1433 1186 1526 1248 laberis

174 1299 248 1368 etas,
272 1311 442 1375 quamquam
464 1293 575 1355 societis
596 1308 675 1352 more
697 1302 814 1354 catomo
833 1297 864 1355 ιύ
885 1295 1100 1356 matrimonium
1122 1309 1305 1372 repetamque.
1344 1289 1440 1352 Liberi
1463 1291 1525 1353 sine

173 1399 262 1463 dubio
284 1398 306 1459 ii
328 1405 399 1459 suut
420 1413 546 1475 quorum
569 1402 669 1456 extant
687 1395 804 1458 nummi
823 1395 957 1478 inseripti
972 1397 1007 1458 ab
1023 1415 1081 1458 uun
1096 1403 1178 1476 parte
1192 1391 1348 1476 βασιλεὺς
1363 1392 1526 1475 βασιλέων

179 1499 360 1585 Τιγράνης,
392 1499 429 1562 ab
451 1499 540 1561 altera
558 1493 681 1580 Ἐρατά
704 1497 868 1579 βασιλέως
894 1495 1058 1582 Τιγράνου
1080 1493 1208 1582 αάελιγή
1216 1498 1250 1579 ¹).
1294 1497 1352 1560 Eos
1373 1497 1525 1560 institutos

173 1627 236 1670 csse
257 1626 274 1668 a
293 1603 418 1667 faotione
432 1601 566 1664 Parthica
586 1601 729 1682 significat
743 1601 796 1663 uio
812 1602 875 1682 (55,
889 1604 908 1665 9
928 1622 996 1665 cum
1011 1603 1215 1686 supplemento
1230 1611 1350 1684 sumpto
1364 1621 1399 1664 ex
1415 1601 1525 1665 Zonara

176 1712 224 1784 tu,
241 1709 308 1789 35);
335 1705 392 1791 τήν
415 1701 587 1788 Ἀρμενίαν
613 1699 888 1790 άλλοτριουγιένην
913 1706 996 1789 μετά
1018 1706 1075 1770 τὸν
1095 1707 1153 1770 τοῦ
1180 1704 1343 1790 Τιγράνου
1366 1703 1524 1770 θάνατον.

173 1815 196 1876 Α
226 1813 352 1876 laeuone
379 1811 508 1872 Romana
537 1809 573 1871 iis
600 1808 768 1890 oppositum
799 1827 863 1871 esse
894 1809 1081 1872 Artavasdem
1108 1810 1226 1874 Tacitus
1248 1811 1267 1872 l.
1283 1829 1308 1872 e.
1331 1809 1387 1882 ait,
1415 1810 1525 1873 addens

174 1936 242 1980 eum
272 1916 308 1978 ab
330 1916 461 1996 Augusto
489 1932 609 1993 regnare
635 1911 750 1974 iussum
780 1911 925 1976 deiectum
953 1933 1098 1978 essenon
1120 1915 1183 1977 sine
1205 1915 1285 1977 clade
1307 1913 1525 1990 Romanorum

173 2041 262 2103 quam
285 2019 322 2082 ob
344 2037 461 2082 eausam
476 2018 627 2097 Augustus
648 2016 680 2077 in
702 2016 797 2080 indice
820 2035 888 2080 eum
911 2011 1069 2100 praeteriit.
1100 2017 1199 2080 Genus
1222 2015 1285 2079 eius
1307 2035 1376 2078 cum
1391 2026 1525 2080 auctores

173 2145 232 2188 nou
261 2121 465 2204 significeut¹),
494 2140 554 2182 nou
576 2121 639 2182 sine
661 2120 862 2200 probabilitate
884 2121 980 2201 aliqua
1002 2121 1126 2185 coniecit
1147 2121 1338 2204 Nipperdeius
1361 2121 1409 2200 (ad
1433 2121 1525 2184 Taciti

173 2248 241 2291 aun.
259 2228 289 2302 2,
302 2227 333 2302 3)
355 2230 477 2289 fratrem
501 2243 569 2287 eum
592 2224 682 2288 luisse
696 2225 812 2288 Artaxis
835 2235 864 2288 et
879 2225 1012 2306 Tigranis
1034 2226 1162 2289 filiorum
1184 2227 1360 2302 urmvasuis,
1383 2225 1523 2307 quoniam

173 2332 226 2394 uio
249 2333 298 2405 51,
323 2331 362 2392 16
389 2328 491 2391 scribit
516 2328 682 2408 Augustum
711 2349 737 2391 a.
762 2329 823 2390 724
853 2329 952 2393 drtaxi
985 2331 1096 2420 petenti
1131 2333 1236 2394 tratres
1263 2348 1322 2392 non
1353 2329 1523 2394 reddidisse.

173 2437 216 2498 lta
239 2455 307 2498 cum
329 2432 466 2496 Armenia
488 2452 505 2494 a
526 2431 666 2495 Romanis
689 2431 868 2508 descivisset,
889 2434 1041 2516 Augustus
1063 2454 1089 2497 a.
1113 2434 1174 2497 748
1191 2433 1341 2497 Tiberium
1364 2434 1525 2516 expeditio·

62 2555 66 2560 ·
172 2558 240 2602 uem
263 2557 297 2601 eo
320 2537 468 2618 suscipere
490 2535 585 2610 iussit,
609 2537 658 2598 sed
682 2535 708 2599 is
731 2556 766 2599 eo
788 2537 830 2599 ire
852 2537 948 2600 uoluit
969 2547 998 2600 et
1019 2556 1119 2600 rerum
1141 2536 1425 2600 administrationem
1441 2540 1525 2602 dese-

172 2661 240 2706 rens
262 2643 366 2705 urbem
388 2640 505 2723 reliquit
526 2639 709 2722 (Velleius2‚
728 2643 802 2703 110:
825 2646 910 2704 sensit
932 2653 1080 2706 terrorum
1101 2641 1177 2704 orbis
1199 2641 1349 2704 discessum
1365 2661 1384 2703 α
1398 2643 1526 2706 custodio

172 2747 317 2812 Neronem
339 2746 436 2821 urbem
456 2765 526 2807 amm
548 2750 575 2807 et
596 2745 719 2808 Portbus
741 2745 891 2808 descedens
913 2765 932 2806 α
953 2751 1081 2810 sociante
1102 2745 1235 2808 liomoou
1257 2747 1357 2810 adiecit
1378 2746 1526 2810 dmaem'oe

171 2872 290 2916 monum
311 2859 382 2924 ecte
409 2850 462 2912 uio
485 2851 571 2923 55,u
593 2869 661 2912 cum
685 2848 796 2911 Zonara
820 2851 868 2924 10,
892 2849 955 2928 35).
999 2849 1042 2912 lta
1064 2853 1173 2913 iactum
1195 2859 1256 2922 cst,
1285 2857 1319 2910 ut
1341 2867 1394 2929 per
1415 2850 1527 2930 aliquot

171 2975 265 3020 anuos
287 2953 388 3017 Parthi
412 2955 442 3016 in
457 2954 596 3015 Armenia
618 2952 848 3016 dominarentur.
885 2952 920 3013 1.
944 2954 1003 3016 751
1028 2953 1073 3015 vel
1095 2952 1156 3014 752
1179 2961 1254 3014 teste
1276 2951 1403 3032 Diouei)
1423 2952 1525 3034 dugu-

171 3071 235 3124 stus
262 3058 368 3121 litteris
397 3077 412 3119 a
435 3057 593 3120 Pbraataoe
620 3075 688 3136 rege
709 3055 888 3117 Partborum
910 3054 965 3117 sibi
993 3056 1092 3118 missis
1118 3055 1215 3118 hostili
1237 3055 1342 3136 spiritu
1365 3055 1524 3137 rescripsit,

173 3163 277 3227 iubens
299 3180 367 3224 cum
390 3160 527 3223 Armenia
549 3160 696 3223 excedere.
726 3158 876 3237 Tigranes,
899 3165 1001 3220 auctor
1022 3159 1126 3241 pergit,
1151 3168 1214 3222 tum
1230 3159 1349 3240 quidem
1365 3160 1474 3241 legatos
1489 3160 1525 3222 ad

170 3268 336 3347 Augustum
352 3265 448 3327 nullos
464 3264 553 3338 misit,
577 3264 627 3326 sed
644 3281 711 3326 mox
725 3261 884 3324 Artavasde
906 3263 954 3343 (eo
969 3263 1088 3339 scilicet,
1111 3281 1199 3344 quem
1216 3263 1362 3326 deiectum
1377 3283 1393 3326 a
1409 3263 1525 3326 Parthis

173 3371 289 3433 Tacitus
321 3369 374 3450 ait)
405 3367 509 3430 morbo
539 3368 695 3449 absumpto
721 3386 774 3448 per
800 3365 911 3428 litteras
933 3366 1031 3448 petiit,
1063 3377 1096 3430 ut
1117 3367 1154 3429 ab
1176 3385 1210 3429 eo
1232 3385 1356 3447 regnum
1379 3367 1435 3430 sibi
1456 3387 1526 3449 per-

172 3475 352 3548 mitteretur,
380 3491 453 3552 quas
480 3471 591 3532 litteras
613 3471 763 3550 Augustus
791 3469 917 3532 libenter
937 3469 1048 3551 aceepit
1069 3490 1197 3551 eumque
1218 3469 1306 3533 iussit
1328 3470 1404 3534 bono
1427 3471 1525 3534 animo

172 3577 276 3640 Gaium
296 3585 364 3658 post
385 3575 449 3637 eius
471 3574 629 3637 adrentum
652 3575 681 3636 iu
699 3573 782 3654 Syria
804 3573 884 3635 adire
906 3569 940 3654 (ά
962 3571 1000 3636 δὲ
1022 3571 1063 3658 δὴ
1090 3571 1253 3657 Τιγράνης
1276 3569 1378 3648 εὐθὺς
1392 3573 1452 3656 μὲν
1467 3570 1526 3638 οὐκ

171 3675 432 3763 ἐπρεσβεύσατο,
455 3678 514 3741 τοῦ
537 3676 574 3741 δὲ
592 3673 792 3759 Ἀρταβάζου
819 3673 906 3762 νόσῳ
937 3672 1073 3760 ὕστερον
1098 3674 1348 3760 τελευτήσαντος
1374 3675 1465 3761 δῶρά
1491 3701 1526 3742 τε

171 3786 216 3869 τῷ
242 3779 422 3866 Αὐγούστῳ
448 3777 490 3856 ὥς
519 3781 575 3845 καὶ
601 3781 660 3844 τοῦ
688 3776 873 3844 ἀντιπάλου
901 3775 1146 3865 άπεξῃρρμένου
1173 3777 1206 3844 oi
1234 3779 1381 3865 ἔπεμψε,
1408 3782 1525 3847 τὸτοῦ

270 3971 291 4038 ¹)
310 3969 431 4036 Lauglois
454 3985 523 4020 num.
542 3968 572 4021 ale
588 3967 734 4022 l'Armenis
751 3985 774 4035 p.
788 3967 828 4019 39.
854 3967 891 4022 ln
916 3983 1014 4019 nummo
1033 3967 1230 4021 Pinkortouiauo
1249 3968 1343 4020 ibidem
1361 3969 1451 4032 citato,
1468 3977 1526 4036 post

171 4057 362 4110 Pinkertouiurn
379 4063 463 4108 autem
482 4056 562 4108 adbuc
580 4057 673 4108 nemini
692 4055 783 4123 opinor
801 4054 857 4106 viso
876 4056 941 4121 qood
960 4071 1017 4106 esse
1035 4055 1132 4107 dicitnr
1154 4050 1277 4122 βασιλεὺς
1298 4055 1386 4124 μέγας
1403 4057 1462 4114 νέος
1482 4059 1525 4108 Τι-

169 4139 270 4214 γράνης
287 4152 315 4195 nt
333 4159 419 4194 verum
440 4159 497 4196 esse
516 4151 609 4211 potest,
627 4143 662 4194 ita
679 4143 766 4214 μέγας
782 4141 922 4201 vicennale
941 4143 1034 4194 lectum
1053 4158 1110 4195 esse
1129 4157 1173 4210 pro
1191 4143 1332 4208 βασιλέων.

270 4233 289 4296 ¹)
308 4231 419 4282 Duorum
437 4246 524 4296 regum
543 4229 674 4281 ldedorum
693 4230 749 4280 eins
768 4231 886 4295 nominis,
904 4245 1009 4296 qnorum
1022 4231 1152 4294 Angustus
1170 4229 1292 4294 meminit,
1310 4237 1399 4282 neuter
1417 4245 1461 4296 pro
1479 4229 1526 4282 boc

170 4317 306 4371 Armeniae
329 4330 389 4381 rege
412 4316 500 4367 baberi
523 4323 620 4382 potest;
645 4331 700 4368 nam
722 4333 797 4369 avum
822 4325 1009 4384 praemortuum
1031 4331 1088 4369 esse
1106 4331 1182 4383 supra
1200 4315 1324 4382 vidimus,
1346 4323 1525 4382 reputantem

171 4417 314 4470 quanquam
334 4409 421 4469 postea
440 4401 466 4452 in
486 4403 605 4454 Armenia
623 4404 750 4468 regnavit,
769 4412 821 4456 tum
840 4405 863 4455 si
881 4405 913 4455 ad
931 4404 956 4456 id
975 4419 1079 4468 reguum
1092 4411 1199 4456 vocatus
1212 4411 1288 4468 essct,
1301 4403 1380 4455 Gaius
1398 4404 1458 4471 ipsi,
1476 4420 1525 4454 nou

170 4489 309 4558 patricius
328 4487 499 4540 Ariobarzani
518 4488 653 4542 Armeniae
673 4505 776 4556 regnum
795 4490 952 4542 tradidisset.

269 4575 291 4642 ¹)
309 4576 441 4640 Leguntnr
463 4577 524 4628 baec
547 4577 572 4626 in
597 4574 737 4640 fragmento
763 4578 793 4630 de
820 4579 869 4640 leg.
888 4577 921 4629 39
945 4577 1019 4645 (apud
1037 4577 1176 4629 bellarum
1195 4577 1210 4628 2
1228 4594 1251 4644 p.
1268 4577 1301 4629 83
1319 4577 1344 4626 in
1363 4585 1437 4641 nota,
1460 4579 1526 4644 apud

170 4663 328 4714 Dindorlinm
346 4664 397 4714 vol.
411 4663 426 4714 5
439 4678 462 4731 p.
475 4663 551 4728 237),
574 4664 617 4715 nbi
635 4665 790 4731 praecedunt
808 4672 928 4732 excerpta
948 4679 981 4716 ex
998 4665 1045 4729 55,
1057 4666 1087 4730 6,
1105 4671 1244 4732 sequnntur
1262 4663 1418 4730 pertinentia
1436 4664 1466 4715 ad
1484 4665 1526 4729 61,

171 4750 195 4812 2,
208 4757 311 4816 propter
330 4747 409 4801 verba
426 4765 441 4800 a
459 4750 548 4816 quibus
566 4751 670 4818 incipit:
692 4747 730 4808 cic
747 4745 884 4804 sudeam
908 4750 934 4801 ol
955 4744 1088 4818 βάρβαροι
1106 4745 1153 4815 τὴν
1171 4749 1362 4821 ἐπιστρατείαν
1378 4749 1426 4802 τοῦ
1446 4753 1526 4802 Γαίου

171 4837 347 4888 collocandum
365 4837 435 4889 inter
452 4837 576 4904 reliquias
595 4845 738 4906 spectantes
756 4837 786 4889 ad
806 4854 829 4890 a.
843 4837 890 4890 751
909 4837 952 4888 vel
970 4838 1028 4889 752.

1347 4923 1363 4978 8
