3696 5430
184 1876 435 1984 Commentarius
457 1941 556 1984 rerum
579 1931 737 2002 gestarum,
760 1941 847 2003 quem
871 1923 907 1985 ab
921 1925 1053 2004 Augusto
1076 1924 1175 2005 paucis
1197 1931 1264 1985 aute
1279 1931 1405 1986 mortem
1421 1924 1532 1986 mensi·

184 2024 239 2086 bus
269 2025 468 2106 conscriptum
498 2044 562 2086 esse
593 2026 629 2088 ad
655 2026 876 2106 inscriptionem
903 2028 1092 2108 exposuimus
1119 2026 1196 2105 (vide
1222 2025 1410 2107 intrepi),
1438 2027 1531 2108 capita

183 2127 388 2209 complectitur
408 2128 539 2209 quinque
560 2138 589 2190 et
617 2129 750 2209 triginta,
781 2148 841 2190 non
869 2139 1020 2192 numerata
1049 2129 1182 2210 quidem,
1210 2130 1260 2191 sed
1287 2129 1423 2192 distincta
1445 2149 1530 2192 versu

182 2231 280 2312 primo
302 2232 458 2293 eminente.
488 2231 528 2292 Ea
550 2251 618 2294 curn
641 2233 742 2294 eadem
765 2232 824 2294 sint
846 2232 875 2293 in
899 2232 1009 2295 Latinis
1032 2232 1207 2313 Graecisque
1228 2232 1297 2312 (nisi
1318 2232 1397 2312 quod
1419 2232 1530 2295 addita·

183 2344 317 2397 mentum
339 2334 412 2397 alius
434 2334 562 2397 auctoris
586 2335 688 2397 Latine
710 2335 849 2398 dividitur
870 2335 901 2396 in
917 2336 1010 2416 capita
1024 2346 1173 2416 quattuor,
1196 2337 1303 2398 Graece
1319 2335 1529 2411 continuatur),

182 2437 283 2498 eadem
313 2437 399 2499 etiam
428 2437 459 2498 in
481 2438 614 2518 exemplo
636 2438 787 2520 Ancyrano
809 2447 839 2500 et
861 2438 1070 2519 Apolloniensi,
1098 2438 1161 2500 iore
1184 2442 1348 2501 referentur
1369 2441 1405 2502 ad
1432 2440 1529 2521 ipsum

182 2540 347 2620 Augustum
370 2540 415 2602 vel
437 2551 515 2603 certe
537 2542 572 2603 od
595 2542 785 2623 archetypum
809 2541 1012 2604 commentarii
1035 2541 1183 2623 exemplar
1204 2542 1234 2602 in
1257 2542 1330 2604 urbe
1352 2543 1528 2624 expositum,

182 2643 279 2723 itaque
301 2663 357 2705 nos
378 2663 496 2724 quoque
510 2663 570 2706 non
586 2644 784 2707 dubitavimus
799 2647 960 2708 secundum
975 2664 1008 2707 ea
1022 2645 1268 2707 commentarium
1290 2646 1376 2707 edere
1397 2647 1530 2708 numeris

182 2747 310 2822 adiectis,
333 2767 511 2829 quamquam
533 2749 596 2829 ipsa
617 2748 785 2811 distributio
807 2767 910 2830 parum
934 2746 1091 2828 probabilis
1114 2758 1159 2810 cst
1173 2757 1203 2809 et
1217 2767 1303 2829 saepe
1319 2750 1420 2811 eodem
1437 2749 1529 2831 capite

182 2850 277 2929 agitur
305 2852 339 2913 de
368 2851 456 2913 rebus
484 2850 614 2912 diversis.
659 2852 724 2932 lpse
751 2852 980 2914 commentarius
1009 2851 1173 2932 tripertitus
1195 2860 1255 2913 est:
1283 2851 1378 2930 agitor
1399 2852 1528 2933 primum

180 2955 215 3016 de
231 2953 392 3016 honoribus
407 2953 438 3014 in
453 2954 619 3033 Augustum
641 2954 762 3028 collatis,
786 2955 815 3016 id
836 2963 882 3016 est
905 2954 939 3016 de
957 2953 1173 3034 magistratibus
1189 2955 1358 3016 sacerdotiis
1373 2955 1530 3037 triumphis

179 3057 356 3137 reliquisque
385 3055 530 3118 similibus
560 3057 660 3119 multis
682 3067 712 3119 et
734 3056 819 3119 variis
842 3063 880 3132 (c.
896 3057 1023 3136 1-xrr),
1052 3058 1156 3120 deinde
1181 3059 1216 3120 de
1240 3057 1381 3138 impensis
1403 3077 1475 3138 quas
1499 3059 1530 3121 in

179 3179 241 3223 rem
257 3159 403 3242 publicam
419 3161 455 3221 de
470 3179 524 3222 suo
546 3161 614 3222 iecit
636 3161 673 3240 (c.
690 3161 858 3242 xv—nxrr),
881 3160 1006 3241 denique
1028 3163 1063 3224 de
1085 3161 1174 3223 rebus
1196 3161 1285 3242 gestis
1307 3181 1377 3242 pace
1398 3162 1531 3242 belloque

179 3265 216 3344 (c.
232 3263 436 3342 xxv-xxxv);
459 3263 556 3343 itaque
577 3264 627 3343 qui
651 3263 767 3326 titulum
789 3263 907 3326 dictavit
922 3284 1021 3328 rerum
1037 3274 1185 3346 gestarum
1202 3264 1259 3327 diri
1274 3265 1407 3345 Augusti,
1422 3267 1530 3346 quibus

178 3367 279 3430 orbem
308 3377 451 3429 terrarum
481 3367 604 3448 imperio
630 3367 729 3448 popqli
751 3367 874 3429 Romani
897 3368 1084 3442 subiecisset,
1112 3378 1142 3430 et
1162 3368 1376 3449 impensarum,
1405 3389 1477 3450 quas
1499 3370 1530 3432 in

178 3489 239 3534 rem
255 3471 402 3552 publicam
418 3471 618 3552 populumque
633 3472 833 3534 Romanorum
861 3472 986 3546 lecisset,
1009 3473 1134 3553 primam
1157 3483 1270 3553 partem
1293 3472 1401 3546 omisit
1423 3492 1530 3536 secun-

177 3575 244 3638 dam
269 3575 443 3654 tertiamque
465 3573 592 3636 invertit.
637 3574 821 3655 Quamquam
848 3576 1035 3657 partitionem
1062 3575 1140 3637 illam
1163 3576 1313 3656 Augustus
1340 3586 1458 3639 secutus
1485 3589 1530 3640 est

176 3681 207 3742 in
230 3681 402 3743 universum
426 3687 539 3740 tantum
564 3679 627 3740 sine
649 3679 819 3758 scrupulosa
842 3679 1000 3742 anxietate:
1024 3679 1063 3741 ita
1087 3681 1116 3741 in
1139 3679 1235 3761 primo
1251 3687 1375 3742 tractatu
1392 3680 1441 3742 ubi
1457 3699 1529 3742 cen-

176 3783 271 3847 soriae
300 3781 453 3863 potestatis
484 3780 626 3854 meminit
657 3781 736 3862 ipsos
769 3801 886 3864 quoque
916 3801 1021 3845 census
1047 3786 1112 3846 luse
1138 3794 1254 3846 enarrat
1281 3789 1318 3860 (c.
1341 3785 1414 3863 rm),
1442 3784 1528 3846 tertio

176 3887 302 3950 inseruit
323 3903 383 3947 non
399 3884 494 3947 solum
509 3885 637 3946 bonores
651 3903 718 3947 cum
735 3886 777 3947 rei
792 3885 925 3968 publicae
939 3887 1125 3949 restitutione
1140 3885 1321 3962 coniunctos,
1337 3888 1417 3968 quod
1432 3895 1529 3968 potest

176 3990 291 4054 defendi
314 3992 352 4071 (c.
368 3989 474 4070 mu),
498 3990 550 4051 sed
573 3987 659 4051 etiam
684 3989 802 4051 titulum
817 3990 908 4071 patris
923 3989 1034 4070 patriae
1049 3989 1105 4052 sibi
1120 3990 1249 4052 oblatum
1267 3991 1304 4064 (c.
1320 3995 1420 4068 xxxv);
1444 3991 1528 4053 deni-

176 4115 233 4177 que
255 4114 315 4158 non
337 4113 429 4175 pauca
451 4104 530 4167 sunt,
552 4111 627 4172 quoe
649 4093 712 4174 pari
733 4093 796 4156 iure
818 4103 848 4156 et
869 4094 966 4175 primo
986 4104 1016 4157 et
1030 4093 1116 4156 tertio
1132 4095 1227 4157 ordini
1242 4094 1343 4156 inferri
1358 4103 1527 4175 potuerunt.

176 4200 349 4281 Diligentius
378 4207 476 4260 autern
500 4214 588 4277 quam
616 4197 743 4278 reliquas
766 4198 838 4259 duas
861 4197 1011 4276 Augustus
1033 4181 1187 4261 exsecutos
1208 4207 1254 4260 est
1274 4207 1386 4280 partem
1410 4199 1444 4260 de
1467 4191 1541 4297 imi

175 4303 275 4386 pensis
297 4303 327 4364 in
357 4321 418 4364 rem
447 4299 591 4384 publicam
618 4302 717 4374 lactis,
746 4301 872 4363 maxime
899 4301 984 4363 ludos
1011 4300 1229 4383 congiariaqu03
1250 4320 1345 4383 neque
1365 4303 1396 4364 id
1419 4302 1525 4364 mirum

175 4407 272 4470 estin
295 4407 381 4469 titulo
396 4406 505 4468 Romae
527 4407 677 4488 proposito
699 4405 867 4486 scriptoque
890 4405 1076 4487 potissimum
1099 4404 1175 4486 plebi
1192 4404 1330 4469 urbanae.
1372 4406 1406 4468 lu
1427 4424 1525 4468 rerum

175 4511 288 4573 delectu
311 4509 500 4583 domesticas,
523 4519 558 4572 ut
578 4529 631 4590 por
653 4519 728 4584 erat,
751 4510 902 4588 augustus
925 4509 1039 4572 silentio
1061 4509 1266 4590 praetermisit
1294 4519 1408 4572 utnon
1431 4510 1525 4572 solum

175 4614 314 4677 mulieres
342 4615 449 4676 domus
472 4615 535 4676 eius
557 4633 702 4695 nusquam
726 4621 941 4686 memorentur,
970 4613 1020 4675 sed
1043 4631 1080 4675 ne
1101 4612 1270 4693 adoptiones
1292 4613 1412 4693 quidem
1435 4613 1535 4699 signi-¹

175 4719 308 4780 licentur.
353 4718 386 4780 ln
408 4718 533 4800 publicis
561 4736 629 4781 cum
657 4737 728 4780 suos
753 4718 880 4780 bonores
902 4735 1028 4796 suasque
1050 4735 1097 4778 res
1119 4725 1215 4796 gestas
1237 4735 1376 4778 eburone
1398 4702 1535 4787 liliorum}

175 4820 238 4884 Gaii
260 4819 342 4884 Lucii
364 4821 473 4884 Tiberii
501 4823 658 4902 generique
680 4821 821 4903 Agrippae
849 4820 957 4902 passim
987 4820 1162 4894 meminerit,
1191 4821 1271 4883 nullo
1297 4821 1361 4882 loco
1384 4839 1420 4882 ne
1443 4820 1536 4883 ducis'
