3656 5444
328 385 390 448 120
929 378 962 446 V,
982 381 1016 435 35
1036 381 1070 436 36

323 559 460 641 confecit)
488 569 518 623 et
542 560 706 641 imperante
733 557 851 621 Claudio
874 558 1055 641 Pomponius
1077 558 1149 621 blela
1176 577 1244 621 cum
1267 559 1420 622 Baeticam
1435 560 1686 641 Lusitaniamque

322 665 515 746 distinguant,
543 673 679 726 neutram
708 671 871 742 agnoscunt
897 663 999 726 aetatis
1027 664 1175 744 dumetae
1205 672 1340 726 auctores
1353 663 1388 744 ¹);
1415 683 1470 728 nec
1497 665 1575 728 tituli
1596 673 1684 727 certa

321 779 492 851 argumenta
515 768 716 850 suppeditant,
745 766 909 846 exquibus
932 768 1044 830 eluceat
1066 766 1230 849 provincias
1252 787 1301 830 eas
1322 770 1413 832 luisse
1435 777 1501 831 ante
1525 769 1683 830 'liberium

324 873 426 952 (Orelli
448 872 545 935 3128:
581 872 633 954 leg.
664 870 704 934 vt
729 869 859 934 Ccemris
887 872 955 952 lug.
976 889 1056 952 prov.
1080 871 1207 935 lactan.
1230 871 1333 935 collato
1355 873 1386 935 C.
1404 874 1425 935 l.
1446 873 1522 935 L.Il
1543 891 1573 934 n.
1590 873 1681 950 473).
1801 939 1802 946 ,

203 992 208 998 ·
320 978 417 1052 Quare
439 976 606 1050 videndum,
629 994 666 1037 ne
689 974 856 1038 ulteriorem
879 975 1014 1038 'liberius
1038 976 1130 1057 magis
1152 995 1241 1057 quam
1263 976 1413 1060 Augustus
1435 976 1606 1056 divisone).
1801 973 1802 982 ’

419 1083 453 1144 ln
475 1078 632 1162 provinciis
653 1098 729 1159 quae
750 1077 858 1141 absunt
878 1078 915 1140 ab
937 1078 1069 1158 Augusto
1091 1079 1186 1140 nullas
1208 1079 1336 1142 colonias
1358 1080 1497 1144 deductas
1517 1100 1581 1143 esse
1595 1089 1681 1142 recte

320 1205 355 1248 er
376 1184 515 1248 laterculo
537 1183 693 1263 colligitur,
715 1199 770 1244 nec
790 1182 874 1245 facile
896 1182 1072 1245 coniecturis
1094 1182 1290 1246 recentiorum
1315 1194 1418 1248 contra
1439 1185 1533 1266 ipsius
1550 1183 1679 1263 Augusti

319 1288 469 1352 silentium
491 1290 574 1351 locus
596 1286 708 1348 dandus
730 1293 784 1348 est.
828 1284 948 1348 Praeter
969 1285 1131 1366 illyricum,
1157 1287 1194 1349 de
1215 1308 1274 1369 quo
1296 1289 1431 1371 proximo
1453 1291 1546 1370 capite
1568 1288 1676 1368 agitur,

318 1391 500 1475 provinciae,
523 1409 597 1472 quae
619 1390 782 1452 secundum
804 1388 834 1452 id
854 1389 983 1452 colonias
1005 1390 1041 1452 ab
1062 1391 1195 1470 Augusto
1219 1391 1357 1454 deductas
1379 1391 1475 1454 nullas
1497 1390 1675 1464 habuerunt,

317 1497 372 1560 hae
394 1500 527 1559 luerunt:

418 1598 558 1664 Sardinia.
603 1596 704 1661 Turris
729 1597 866 1660 labeonis
892 1598 1002 1661 colonia
1029 1598 1106 1661 lulla
1135 1599 1245 1679 (geogr.
1267 1599 1336 1661 Rev.
1357 1600 1391 1674 5,
1415 1597 1470 1673 263
1499 1600 1536 1660 ct‘.
1557 1597 1673 1661 Plinius

481 1703 510 1765 b.
526 1720 555 1763 n.
572 1702 605 1777 3,
633 1703 662 1776 7,
685 1700 725 1763 85
748 1709 779 1762 et
800 1700 831 1762 C.
846 1701 868 1762 l.
884 1700 959 1763 L.X
980 1722 1010 1783 p.
1026 1701 1099 1780 826)
1127 1702 1200 1764 nihil
1226 1702 1348 1783 impedit
1373 1703 1532 1783 quominus
1560 1701 1673 1764 consti-

480 1814 544 1867 tuta
566 1804 605 1866 sit
626 1823 642 1866 a
664 1803 786 1866 Caesare
808 1803 957 1867 dictatore.

416 1909 522 1972 Galliae
565 1917 625 1970 tres
667 1927 734 1971 cum
770 1907 932 1971 Germaniis
973 1908 1096 1971 duabus.
1151 1907 1226 1972 Hinc
1263 1909 1352 1991 igitur
1384 1927 1560 1990 magnopere
1598 1927 1672 1970 con-

481 2012 591 2074 iectura
614 2010 768 2074 adiuvatur
789 2012 932 2074 coloniam
954 2012 1057 2075 Iuliam
1080 2011 1253 2092 Equestrem
1276 2012 1385 2094 (Nyou)
1408 2011 1514 2074 Galliae
1536 2011 1667 2092 Belgicae

480 2134 540 2177 non
562 2115 599 2177 ab
614 2116 745 2195 Augusto
767 2115 921 2179 deductam
943 2136 1017 2191 esse,
1040 2118 1090 2179 sed
1113 2137 1129 2178 a
1144 2118 1266 2180 Caesare
1281 2116 1431 2179 dictatore.
1447 2149 1488 2160 —
1503 2114 1563 2177 Nec
1578 2116 1669 2194 magis

478 2218 537 2282 iam
564 2219 663 2282 licebit
683 2219 830 2300 Augustae
851 2220 1038 2283 Trevirorum
1065 2221 1112 2284 ius
1139 2221 1268 2282 coloniae
1297 2239 1479 2282 concessum.
1498 2228 1565 2281 ante
1586 2239 1612 2280 a.
1627 2221 1667 2281 70

480 2323 611 2405 (Tacitus
633 2323 701 2386 hist.
724 2324 753 2397 4,
769 2323 819 2385 62.
836 2323 890 2404 72)
912 2343 928 2386 a
950 2323 1047 2405 primo
1068 2325 1200 2405 Augusto
1222 2332 1362 2405 repetere.

416 2426 525 2489 Raetia.

414 2529 564 2592 Noricum.

416 2633 549 2716 Bithynia
570 2642 602 2695 et
621 2633 745 2696 Pontus.

414 2737 538 2812 Galatia,
568 2736 681 2800 Pontus
703 2735 863 2810 Galaticus,
886 2734 1090 2818 Paphlagonia,
1114 2735 1255 2818 Pbrygiae
1276 2756 1354 2818 pars,
1377 2736 1528 2817 Lycaonia,
1548 2736 1665 2798 Isauria.

480 2841 629 2904 Coloniam
658 2840 772 2902 Parlain
801 2838 926 2901 Pisidiae
963 2839 1055 2921 magis
1085 2859 1173 2921 quam
1202 2841 1362 2923 Lycaoniae
1388 2841 1553 2922 Augustum
1581 2839 1665 2903 attri-

477 2945 575 3008 buisse
597 2944 689 3006 videri
711 2960 799 3024 supra
820 2963 850 3024 p.
864 2944 924 3005 119
947 2944 1175 3007 observavimus.

414 3047 521 3111 Cilicia.

395 3137 535 3232 ¹Cyprus.

414 3253 507 3316 Creta.
553 3236 696 3316 Cnossnm
721 3251 864 3315 coloniam
886 3253 917 3316 in
939 3255 1034 3317 insula
1049 3255 1134 3317 Creta
1155 3261 1255 3316 notam
1279 3253 1337 3316 iam
1360 3252 1498 3316 Straboni
1520 3253 1584 3334 (10,
1600 3252 1663 3328 4,9

476 3377 505 3439 p.
521 3357 596 3436 477)
618 3376 796 3438 quamquam
819 3357 905 3420 hodie
927 3361 987 3420 lere
1008 3360 1198 3421 consentiunt
1216 3357 1399 3438 (Marquarrlt
1412 3358 1431 3418 l.
1448 3376 1474 3419 c.
1488 3377 1517 3438 p.
1534 3356 1609 3435 464)
1629 3355 1664 3417 ab

475 3461 608 3542 Augusto
629 3460 784 3524 deductam
807 3479 870 3523 esse
891 3469 1045 3543 propterea
1068 3463 1147 3543 quod
1168 3461 1288 3537 uictu,
1307 3463 1344 3522 14
1366 3480 1435 3524 eum
1458 3459 1560 3527 scribit
1578 3461 1664 3522 Cam-

475 3564 559 3645 pauis
587 3583 690 3646 agrum
711 3565 743 3626 in
764 3563 874 3645 pertica
896 3565 1088 3629 Cnossiorum
1110 3565 1321 3646 adsignavisse,
1349 3565 1426 3627 idem
1452 3568 1548 3627 facere
1569 3563 1665 3644 potuit

476 3667 588 3730 colonia
611 3669 732 3731 deducta
752 3687 768 3730 a
783 3678 866 3750 patre
881 3670 1039 3750 disponens
1055 3670 1095 3732 ita
1110 3670 1146 3731 de
1160 3687 1229 3749 agro
1244 3667 1374 3731 coloniae
1389 3668 1504 3744 relict03
1526 3677 1557 3729 et
1571 3667 1665 3728 obstat

476 3771 580 3852 origini
601 3773 638 3835 ab
659 3773 791 3852 Augusto
814 3773 962 3850 deductae,
986 3776 1064 3856 quod
1084 3773 1115 3836 in
1134 3790 1258 3836 nummo
1273 3790 1368 3853 nuper
1382 3771 1494 3852 prolato
1509 3769 1663 3832 libertinus

413 3961 435 4024 ¹)
457 3961 553 4014 Verum
576 3967 615 4012 est
638 3960 703 4028 apud
721 3959 823 4013 Livium
845 3962 898 4027 legi
917 3963 960 4026 28,
971 3963 1003 4013 2:
1026 3963 1127 4014 Poenam
1150 3977 1209 4012 enan
1225 3963 1313 4010 ruera
1329 3963 1383 4009 nrm
1399 3959 1471 4025 sorte
1487 3956 1523 4009 ad
1538 3960 1665 4010 sudorum

311 4049 412 4098 ammos
433 4050 461 4097 io
478 4047 583 4098 Baetica
605 4047 766 4099 emanares
783 4051 810 4098 in
825 4047 881 4114 fide
898 4050 1018 4114 buberel3
1042 4057 1069 4100 at
1087 4049 1167 4101 verba
1183 4051 1211 4098 in
1229 4045 1334 4098 Baetica
1352 4061 1381 4097 eu
1400 4061 1448 4111 quo
1467 4046 1587 4109 leguntur
1605 4044 1662 4094 loco

312 4129 376 4183 sarri
400 4149 473 4199 posse
491 4141 584 4198 negant
602 4134 719 4186 llukerus
737 4143 764 4186 et
781 4134 927 4199 Madvigius
945 4141 1031 4200 reete,
1056 4133 1257 4200 crediderimque
1275 4147 1304 4184 ea
1323 4149 1372 4183 uon
1390 4133 1577 4198 transponenda
1596 4145 1662 4194 esse,

311 4221 356 4270 sed
374 4220 482 4271 delenda
498 4227 586 4287 utpote
598 4221 728 4286 adscripta
739 4222 771 4271 ad
783 4221 988 4287 antiquissimum
999 4221 1096 4272 blatum
1109 4219 1267 4287 expleudum.
1299 4217 1363 4270 Nam
1375 4219 1446 4269 nullo
1459 4218 1516 4270 loco
1530 4224 1663 4285 praeterea

312 4321 356 4372 pro
376 4305 501 4358 ulteriore
519 4307 641 4374 Hispania
658 4307 786 4358 Baeticam
803 4304 894 4359 Livius
913 4307 1015 4358 videtur
1032 4321 1176 4374 usurpasse.

409 4393 429 4456 ¹)
448 4394 637 4460 llarquurdtius
649 4392 898 4461 Studtauevaoaltung
917 4391 943 4446 1¹
955 4409 978 4460 p.
991 4393 1040 4444 253
1058 4393 1123 4460 quod
1142 4393 1259 4460 opposuit
1277 4393 1314 4444 itu
1331 4391 1450 4444 Straboni
1469 4392 1500 4442 de
1518 4407 1583 4443 nova
1595 4390 1662 4442 diri·

310 4478 382 4530 sioue
405 4479 501 4547 aliquid
523 4480 691 4532 adnotandum
713 4479 792 4532 luisse
815 4496 865 4530 nou
887 4479 991 4530 multum
1011 4477 1236 4546 ponderis-babet,
1259 4494 1314 4530 cum
1332 4476 1484 4544 praesertim
1503 4476 1660 4543 aliquatenus

310 4649 385 4708 rotor
402 4649 432 4704 iv
448 4653 487 4720 aqi
506 4645 636 4720 παρόντι.
666 4653 742 4704 Certe
761 4654 826 4721 quod
843 4653 898 4720 ipse
915 4652 1011 4704 conicit
1029 4659 1135 4719 utraque
1148 4653 1269 4718 llispauia
1285 4651 1429 4716 significari
1446 4667 1494 4701 uon
1513 4650 1659 4702 citeriorem

310 4746 336 4789 et
344 4738 502 4804 ulteriorem,
512 4740 556 4791 sed
565 4739 757 4805 imperatoriam
766 4745 863 4808 partem
873 4747 899 4790 et
910 4739 1073 4804 senatoriam,
1083 4739 1213 4790 constanti
1222 4746 1339 4791 veterino
1348 4737 1525 4789 consuetudini
1534 4742 1659 4804 repugnat

309 4832 335 4876 et
353 4825 417 4876 male
436 4825 583 4878 obtruditur
601 4826 701 4878 auctori
716 4827 843 4884 semonia
862 4841 1038 4878 consummas
1056 4826 1208 4892 elegantiae,
1226 4826 1269 4876 red
1289 4825 1372 4877 lustue
1389 4824 1564 4892 proprietatis.
