<?xml version="1.0" encoding="UTF-8"?>
<!DOCTYPE html PUBLIC "-//W3C//DTD XHTML 1.0 Transitional//EN"
    "http://www.w3.org/TR/xhtml1/DTD/xhtml1-transitional.dtd">
<html xmlns="http://www.w3.org/1999/xhtml" xml:lang="en" lang="en">
 <head>
  <title>
</title>
<meta http-equiv="Content-Type" content="text/html;charset=utf-8" />
  <meta name='ocr-system' content='tesseract 3.04.00' />
  <meta name='ocr-capabilities' content='ocr_page ocr_carea ocr_par ocr_line ocrx_word'/>
</head>
<body>
  <div class='ocr_page' id='page_1' title='image "./resgestaediviau00augugoog_0196.png"; bbox 0 0 3656 5444; ppageno 0'>
   <div class='ocr_carea' id='block_1_1' title="bbox 775 380 1520 450">
    <p class='ocr_par' dir='ltr' id='par_1_1' title="bbox 775 380 1520 450">
     <span class='ocr_line' id='line_1_1' title="bbox 775 380 1520 450; baseline -0.004 -14"><span class='ocrx_word' id='word_1_1' title='bbox 775 380 807 448; x_wconf 87' lang='lat' dir='ltr'>V,</span> <span class='ocrx_word' id='word_1_2' title='bbox 826 382 930 438; x_wconf 83' lang='grc'>44-49</span> <span class='ocrx_word' id='word_1_3' title='bbox 1461 386 1520 450; x_wconf 86' lang='lat'>131</span> 
     </span>
    </p>
   </div>
   <div class='ocr_carea' id='block_1_2' title="bbox 178 539 1528 3752">
    <p class='ocr_par' dir='ltr' id='par_1_2' title="bbox 178 539 1528 3752">
     <span class='ocr_line' id='line_1_2' title="bbox 178 539 1523 647; baseline 0.002 -23"><span class='ocrx_word' id='word_1_4' title='bbox 178 567 269 643; x_wconf 80' lang='lat' dir='ltr'>aa&#39;pes,</span> <span class='ocrx_word' id='word_1_5' title='bbox 291 539 440 624; x_wconf 78' lang='lat' dir='ltr'>decurrere</span> <span class='ocrx_word' id='word_1_6' title='bbox 461 562 588 624; x_wconf 83' lang='lat' dir='ltr'>solebant</span> <span class='ocrx_word' id='word_1_7' title='bbox 609 573 635 624; x_wconf 88' lang='lat' dir='ltr'>et</span> <span class='ocrx_word' id='word_1_8' title='bbox 656 566 751 625; x_wconf 85' lang='grc' dir='ltr'><strong><em>υίιίιιο</em></strong></span> <span class='ocrx_word' id='word_1_9' title='bbox 768 563 906 644; x_wconf 72' lang='lat' dir='ltr'>popedon</span> <span class='ocrx_word' id='word_1_10' title='bbox 925 573 953 625; x_wconf 92' lang='lat' dir='ltr'>et</span> <span class='ocrx_word' id='word_1_11' title='bbox 976 563 1099 625; x_wconf 84' lang='lat' dir='ltr'>subinde</span> <span class='ocrx_word' id='word_1_12' title='bbox 1121 581 1219 625; x_wconf 90' lang='lat' dir='ltr'>rerum</span> <span class='ocrx_word' id='word_1_13' title='bbox 1243 564 1399 647; x_wconf 79' lang='lat' dir='ltr'><strong>scriptores</strong></span> <span class='ocrx_word' id='word_1_14' title='bbox 1422 584 1523 627; x_wconf 90' lang='lat' dir='ltr'>earum</span> 
     </span>
     <span class='ocr_line' id='line_1_3' title="bbox 179 665 1524 750; baseline 0.003 -23"><span class='ocrx_word' id='word_1_15' title='bbox 179 667 385 736; x_wconf 87' lang='lat' dir='ltr'>meminemnt,</span> <span class='ocrx_word' id='word_1_16' title='bbox 408 675 442 728; x_wconf 90' lang='lat' dir='ltr'>ut</span> <span class='ocrx_word' id='word_1_17' title='bbox 463 685 488 728; x_wconf 89' lang='lat' dir='ltr'>a.</span> <span class='ocrx_word' id='word_1_18' title='bbox 505 665 565 728; x_wconf 86' lang='grc'>738</span> <span class='ocrx_word' id='word_1_19' title='bbox 588 665 654 745; x_wconf 85' lang='lat' dir='ltr'>(llio</span> <span class='ocrx_word' id='word_1_20' title='bbox 677 667 726 740; x_wconf 96' lang='grc'>54,</span> <span class='ocrx_word' id='word_1_21' title='bbox 750 666 804 746; x_wconf 89' lang='grc'>20)</span> <span class='ocrx_word' id='word_1_22' title='bbox 826 675 856 729; x_wconf 91' lang='lat' dir='ltr'>et</span> <span class='ocrx_word' id='word_1_23' title='bbox 877 687 902 729; x_wconf 94' lang='lat' dir='ltr'>a.</span> <span class='ocrx_word' id='word_1_24' title='bbox 920 668 990 741; x_wconf 91' lang='grc'>744,</span> <span class='ocrx_word' id='word_1_25' title='bbox 1013 687 1072 748; x_wconf 88' lang='lat' dir='ltr'>quo</span> <span class='ocrx_word' id='word_1_26' title='bbox 1094 667 1306 749; x_wconf 82' lang='lat' dir='ltr'>expeditionem</span> <span class='ocrx_word' id='word_1_27' title='bbox 1323 669 1416 731; x_wconf 87' lang='lat' dir='ltr'>solitis</span> <span class='ocrx_word' id='word_1_28' title='bbox 1432 670 1524 750; x_wconf 80' lang='lat' dir='ltr'>magis</span> 
     </span>
     <span class='ocr_line' id='line_1_4' title="bbox 179 770 1525 852; baseline 0.004 -21"><span class='ocrx_word' id='word_1_29' title='bbox 179 771 395 833; x_wconf 82' lang='lat' dir='ltr'>formidolosam</span> <span class='ocrx_word' id='word_1_30' title='bbox 412 773 553 844; x_wconf 88' lang='lat' dir='ltr'>lecerunt,</span> <span class='ocrx_word' id='word_1_31' title='bbox 575 788 642 832; x_wconf 91' lang='lat' dir='ltr'>cum</span> <span class='ocrx_word' id='word_1_32' title='bbox 662 770 693 831; x_wconf 93' lang='lat' dir='ltr'>in</span> <span class='ocrx_word' id='word_1_33' title='bbox 709 789 743 830; x_wconf 93' lang='lat' dir='ltr'>eo</span> <span class='ocrx_word' id='word_1_34' title='bbox 759 779 837 833; x_wconf 86' lang='lat' dir='ltr'>esset</span> <span class='ocrx_word' id='word_1_35' title='bbox 852 780 885 832; x_wconf 92' lang='lat' dir='ltr'>ut</span> <span class='ocrx_word' id='word_1_36' title='bbox 899 771 959 832; x_wconf 91' lang='lat' dir='ltr'>lani</span> <span class='ocrx_word' id='word_1_37' title='bbox 976 773 1117 852; x_wconf 82' lang='lat' dir='ltr'>templum</span> <span class='ocrx_word' id='word_1_38' title='bbox 1133 773 1325 848; x_wconf 79' lang='lat' dir='ltr'>clauderetur,</span> <span class='ocrx_word' id='word_1_39' title='bbox 1346 783 1419 836; x_wconf 88' lang='lat' dir='ltr'>teste</span> <span class='ocrx_word' id='word_1_40' title='bbox 1434 774 1525 836; x_wconf 87' lang='lat' dir='ltr'>Ilione</span> 
     </span>
     <span class='ocr_line' id='line_1_5' title="bbox 180 868 1526 960; baseline 0.004 -24"><span class='ocrx_word' id='word_1_41' title='bbox 180 877 242 952; x_wconf 86' lang='grc'>(54,</span> <span class='ocrx_word' id='word_1_42' title='bbox 256 875 325 956; x_wconf 84' lang='lat'>36):</span> <span class='ocrx_word' id='word_1_43' title='bbox 356 871 387 938; x_wconf 81' lang='grc' dir='ltr'><strong><em>οί</em></strong></span> <span class='ocrx_word' id='word_1_44' title='bbox 412 868 516 937; x_wconf 84' lang='grc' dir='ltr'><strong><em>Δάκοι</em></strong></span> <span class='ocrx_word' id='word_1_45' title='bbox 542 871 600 937; x_wconf 89' lang='grc' dir='ltr'><strong><em>τδν</em></strong></span> <span class='ocrx_word' id='word_1_46' title='bbox 615 870 739 954; x_wconf 90' lang='grc' dir='ltr'><strong><em>Ἴστρον</em></strong></span> <span class='ocrx_word' id='word_1_47' title='bbox 761 871 934 956; x_wconf 77' lang='grc' dir='ltr'><em>πεπηγότα</em></span> <span class='ocrx_word' id='word_1_48' title='bbox 956 872 1130 955; x_wconf 78' lang='grc' dir='ltr'><strong><em>διαβάντες</em></strong></span> <span class='ocrx_word' id='word_1_49' title='bbox 1152 871 1243 938; x_wconf 80' lang='grc' dir='ltr'><strong><em>λείαν</em></strong></span> <span class='ocrx_word' id='word_1_50' title='bbox 1264 873 1298 938; x_wconf 76' lang='grc' dir='ltr'>ἐκ</span> <span class='ocrx_word' id='word_1_51' title='bbox 1319 877 1374 960; x_wconf 83' lang='grc' dir='ltr'><strong><em>τῆς</em></strong></span> <span class='ocrx_word' id='word_1_52' title='bbox 1398 881 1526 942; x_wconf 87' lang='grc' dir='ltr'><strong><em>Παννο-</em></strong></span> 
     </span>
     <span class='ocr_line' id='line_1_6' title="bbox 181 974 1525 1061; baseline 0.002 -21"><span class='ocrx_word' id='word_1_53' title='bbox 181 981 253 1052; x_wconf 88' lang='grc' dir='ltr'><strong><em>νίας</em></strong></span> <span class='ocrx_word' id='word_1_54' title='bbox 274 974 485 1061; x_wconf 78' lang='grc' dir='ltr'><strong><em>ἀπετέμοντο.</em></strong></span> <span class='ocrx_word' id='word_1_55' title='bbox 522 979 576 1042; x_wconf 88' lang='lat' dir='ltr'>llic</span> <span class='ocrx_word' id='word_1_56' title='bbox 597 976 727 1043; x_wconf 89' lang='lat' dir='ltr'>estsine</span> <span class='ocrx_word' id='word_1_57' title='bbox 749 977 837 1040; x_wconf 93' lang='lat' dir='ltr'>dubio</span> <span class='ocrx_word' id='word_1_58' title='bbox 860 978 1013 1052; x_wconf 85' lang='lat' dir='ltr'>exercitus,</span> <span class='ocrx_word' id='word_1_59' title='bbox 1036 997 1124 1058; x_wconf 91' lang='lat' dir='ltr'>quem</span> <span class='ocrx_word' id='word_1_60' title='bbox 1147 979 1296 1060; x_wconf 75' lang='lat' dir='ltr'>Augustus</span> <span class='ocrx_word' id='word_1_61' title='bbox 1318 979 1349 1041; x_wconf 92' lang='lat' dir='ltr'>in</span> <span class='ocrx_word' id='word_1_62' title='bbox 1371 999 1525 1043; x_wconf 89' lang='lat' dir='ltr'>commen-</span> 
     </span>
     <span class='ocr_line' id='line_1_7' title="bbox 181 1077 1525 1159; baseline 0.005 -20"><span class='ocrx_word' id='word_1_63' title='bbox 181 1077 252 1139; x_wconf 89' lang='lat' dir='ltr'>tario</span> <span class='ocrx_word' id='word_1_64' title='bbox 275 1079 376 1141; x_wconf 81' lang='lat' dir='ltr'>scribit</span> <span class='ocrx_word' id='word_1_65' title='bbox 397 1098 451 1159; x_wconf 89' lang='lat' dir='ltr'>per</span> <span class='ocrx_word' id='word_1_66' title='bbox 464 1079 573 1142; x_wconf 90' lang='lat' dir='ltr'>bellum</span> <span class='ocrx_word' id='word_1_67' title='bbox 588 1080 789 1142; x_wconf 84' lang='lat' dir='ltr'>Pannonicum</span> <span class='ocrx_word' id='word_1_68' title='bbox 805 1101 830 1142; x_wconf 91' lang='lat' dir='ltr'>a.</span> <span class='ocrx_word' id='word_1_69' title='bbox 847 1082 1013 1143; x_wconf 88' lang='grc'>742-745</span> <span class='ocrx_word' id='word_1_70' title='bbox 1030 1083 1178 1145; x_wconf 84' lang='lat' dir='ltr'>transiisse</span> <span class='ocrx_word' id='word_1_71' title='bbox 1194 1082 1357 1146; x_wconf 82' lang='lat' dir='ltr'>Danuvium</span> <span class='ocrx_word' id='word_1_72' title='bbox 1373 1093 1402 1146; x_wconf 89' lang='lat' dir='ltr'>et</span> <span class='ocrx_word' id='word_1_73' title='bbox 1417 1084 1525 1147; x_wconf 87' lang='lat' dir='ltr'>rictum</span> 
     </span>
     <span class='ocr_line' id='line_1_8' title="bbox 179 1181 1525 1265; baseline 0.006 -23"><span class='ocrx_word' id='word_1_74' title='bbox 179 1200 243 1243; x_wconf 88' lang='lat' dir='ltr'>esse</span> <span class='ocrx_word' id='word_1_75' title='bbox 265 1181 295 1242; x_wconf 95' lang='lat' dir='ltr'>in</span> <span class='ocrx_word' id='word_1_76' title='bbox 318 1181 380 1262; x_wconf 90' lang='lat' dir='ltr'>ripa</span> <span class='ocrx_word' id='word_1_77' title='bbox 402 1183 511 1245; x_wconf 90' lang='lat' dir='ltr'>dextra.</span> <span class='ocrx_word' id='word_1_78' title='bbox 549 1182 662 1258; x_wconf 86' lang='lat' dir='ltr'>Postea,</span> <span class='ocrx_word' id='word_1_79' title='bbox 685 1192 720 1246; x_wconf 92' lang='lat' dir='ltr'>ut</span> <span class='ocrx_word' id='word_1_80' title='bbox 741 1185 819 1247; x_wconf 91' lang='lat' dir='ltr'>idem</span> <span class='ocrx_word' id='word_1_81' title='bbox 842 1185 990 1265; x_wconf 75' lang='lat' dir='ltr'>Augustus</span> <span class='ocrx_word' id='word_1_82' title='bbox 1013 1185 1062 1260; x_wconf 88' lang='lat' dir='ltr'>ait,</span> <span class='ocrx_word' id='word_1_83' title='bbox 1086 1186 1194 1249; x_wconf 89' lang='lat' dir='ltr'>missus</span> <span class='ocrx_word' id='word_1_84' title='bbox 1216 1185 1359 1250; x_wconf 85' lang='lat' dir='ltr'>exercitus</span> <span class='ocrx_word' id='word_1_85' title='bbox 1376 1187 1525 1250; x_wconf 84' lang='lat' dir='ltr'>Romanus</span> 
     </span>
     <span class='ocr_line' id='line_1_9' title="bbox 180 1284 1527 1371; baseline 0.005 -26"><span class='ocrx_word' id='word_1_86' title='bbox 180 1294 260 1346; x_wconf 91' lang='lat' dir='ltr'>trans</span> <span class='ocrx_word' id='word_1_87' title='bbox 276 1284 438 1348; x_wconf 77' lang='lat' dir='ltr'>danuvium</span> <span class='ocrx_word' id='word_1_88' title='bbox 453 1286 545 1350; x_wconf 88' lang='lat' dir='ltr'>Dacos</span> <span class='ocrx_word' id='word_1_89' title='bbox 565 1287 694 1362; x_wconf 65' lang='lat' dir='ltr'>domuin</span> <span class='ocrx_word' id='word_1_90' title='bbox 716 1287 800 1350; x_wconf 91' lang='lat' dir='ltr'>cuins</span> <span class='ocrx_word' id='word_1_91' title='bbox 815 1289 1006 1369; x_wconf 80' lang='lat' dir='ltr'>expeditionis</span> <span class='ocrx_word' id='word_1_92' title='bbox 1022 1289 1221 1352; x_wconf 90' lang='lat' dir='ltr'>meminerunt</span> <span class='ocrx_word' id='word_1_93' title='bbox 1235 1301 1382 1371; x_wconf 90' lang='lat' dir='ltr'>praeterea</span> <span class='ocrx_word' id='word_1_94' title='bbox 1397 1291 1430 1353; x_wconf 90' lang='lat' dir='ltr'>ni</span> <span class='ocrx_word' id='word_1_95' title='bbox 1444 1291 1527 1353; x_wconf 87' lang='lat' dir='ltr'>lallor</span> 
     </span>
     <span class='ocr_line' id='line_1_10' title="bbox 181 1385 1527 1476; baseline 0.004 -27"><span class='ocrx_word' id='word_1_96' title='bbox 181 1387 284 1450; x_wconf 90' lang='lat' dir='ltr'>Strabo</span> <span class='ocrx_word' id='word_1_97' title='bbox 315 1385 474 1452; x_wconf 86' lang='lat' dir='ltr'>Suetonius</span> <span class='ocrx_word' id='word_1_98' title='bbox 502 1391 604 1454; x_wconf 84' lang='lat' dir='ltr'>Florus</span> <span class='ocrx_word' id='word_1_99' title='bbox 634 1391 760 1454; x_wconf 82' lang='lat' dir='ltr'>Tacitus.</span> <span class='ocrx_word' id='word_1_100' title='bbox 810 1391 848 1454; x_wconf 87' lang='lat' dir='ltr'>Et</span> <span class='ocrx_word' id='word_1_101' title='bbox 878 1392 982 1454; x_wconf 91' lang='lat' dir='ltr'>Strabo</span> <span class='ocrx_word' id='word_1_102' title='bbox 1016 1392 1133 1474; x_wconf 89' lang='lat' dir='ltr'>quidem</span> <span class='ocrx_word' id='word_1_103' title='bbox 1161 1404 1228 1476; x_wconf 87' lang='lat' dir='ltr'>post</span> <span class='ocrx_word' id='word_1_104' title='bbox 1255 1414 1342 1475; x_wconf 91' lang='lat' dir='ltr'>supra</span> <span class='ocrx_word' id='word_1_105' title='bbox 1368 1395 1457 1458; x_wconf 84' lang='lat' dir='ltr'>relata</span> <span class='ocrx_word' id='word_1_106' title='bbox 1485 1394 1527 1457; x_wconf 88' lang='lat' dir='ltr'>sic</span> 
     </span>
     <span class='ocr_line' id='line_1_11' title="bbox 180 1487 1527 1581; baseline 0.006 -29"><span class='ocrx_word' id='word_1_107' title='bbox 180 1491 288 1572; x_wconf 82' lang='lat' dir='ltr'>pergit:</span> <span class='ocrx_word' id='word_1_108' title='bbox 312 1487 344 1555; x_wconf 77' lang='grc' dir='ltr'>οἱ</span> <span class='ocrx_word' id='word_1_109' title='bbox 367 1488 405 1556; x_wconf 81' lang='grc' dir='ltr'>δὲ</span> <span class='ocrx_word' id='word_1_110' title='bbox 427 1490 658 1578; x_wconf 85' lang='grc' dir='ltr'><strong><em>διαδεξάμενοι</em></strong></span> <span class='ocrx_word' id='word_1_111' title='bbox 684 1492 743 1578; x_wconf 78' lang='grc' dir='ltr'><strong><em>την</em></strong></span> <span class='ocrx_word' id='word_1_112' title='bbox 773 1489 874 1577; x_wconf 74' lang='grc' dir='ltr'><strong><em>ἀρχὴν</em></strong></span> <span class='ocrx_word' id='word_1_113' title='bbox 901 1495 948 1570; x_wconf 86' lang='grc' dir='ltr'><strong><em>είς</em></strong></span> <span class='ocrx_word' id='word_1_114' title='bbox 971 1496 1073 1560; x_wconf 79' lang='grc' dir='ltr'><strong><em>πλείω</em></strong></span> <span class='ocrx_word' id='word_1_115' title='bbox 1096 1499 1176 1581; x_wconf 86' lang='grc' dir='ltr'><strong><em>μέρη</em></strong></span> <span class='ocrx_word' id='word_1_116' title='bbox 1200 1494 1385 1580; x_wconf 71' lang='grc' dir='ltr'><strong><em>διέστησαν.</em></strong></span> <span class='ocrx_word' id='word_1_117' title='bbox 1408 1495 1464 1558; x_wconf 72' lang='lat' dir='ltr'>sul</span> <span class='ocrx_word' id='word_1_118' title='bbox 1486 1493 1527 1578; x_wconf 83' lang='grc' dir='ltr'>δὴ</span> 
     </span>
     <span class='ocr_line' id='line_1_12' title="bbox 180 1591 1528 1683; baseline 0.004 -27"><span class='ocrx_word' id='word_1_119' title='bbox 180 1595 235 1656; x_wconf 80' lang='grc' dir='ltr'><strong><em>καὶ</em></strong></span> <span class='ocrx_word' id='word_1_120' title='bbox 258 1594 334 1670; x_wconf 85' lang='grc' dir='ltr'>νῦν,</span> <span class='ocrx_word' id='word_1_121' title='bbox 366 1591 461 1678; x_wconf 79' lang='grc' dir='ltr'><strong><em>ἡνίκα</em></strong></span> <span class='ocrx_word' id='word_1_122' title='bbox 491 1596 642 1683; x_wconf 75' lang='grc' dir='ltr'><strong><em>ἔπεμψεν</em></strong></span> <span class='ocrx_word' id='word_1_123' title='bbox 671 1595 727 1662; x_wconf 76' lang='grc' dir='ltr'>ἐπ’</span> <span class='ocrx_word' id='word_1_124' title='bbox 750 1593 868 1673; x_wconf 85' lang='grc' dir='ltr'><strong><em>αίτούς</em></strong></span> <span class='ocrx_word' id='word_1_125' title='bbox 891 1603 1064 1680; x_wconf 77' lang='grc' dir='ltr'><strong><em>στρατείαν</em></strong></span> <span class='ocrx_word' id='word_1_126' title='bbox 1086 1595 1105 1664; x_wconf 85' lang='lat' dir='ltr'>o‘</span> <span class='ocrx_word' id='word_1_127' title='bbox 1126 1599 1291 1683; x_wconf 79' lang='grc' dir='ltr'><strong><em>Σεβαστὸς</em></strong></span> <span class='ocrx_word' id='word_1_128' title='bbox 1311 1603 1457 1682; x_wconf 76' lang='grc' dir='ltr'><strong><em>Καίσαρ,</em></strong></span> <span class='ocrx_word' id='word_1_129' title='bbox 1480 1599 1528 1672; x_wconf 85' lang='grc' dir='ltr'><strong><em>είς</em></strong></span> 
     </span>
     <span class='ocr_line' id='line_1_13' title="bbox 180 1695 1527 1786; baseline 0.002 -26"><span class='ocrx_word' id='word_1_130' title='bbox 180 1700 277 1762; x_wconf 82' lang='grc' dir='ltr'><strong><em>πέντε</em></strong></span> <span class='ocrx_word' id='word_1_131' title='bbox 302 1698 456 1782; x_wconf 84' lang='grc' dir='ltr'>μερίδας,</span> <span class='ocrx_word' id='word_1_132' title='bbox 486 1699 560 1766; x_wconf 86' lang='grc' dir='ltr'><strong><em>τότε</em></strong></span> <span class='ocrx_word' id='word_1_133' title='bbox 588 1701 626 1766; x_wconf 81' lang='grc' dir='ltr'>δὲ</span> <span class='ocrx_word' id='word_1_134' title='bbox 653 1703 700 1777; x_wconf 84' lang='grc' dir='ltr'><strong><em>είς</em></strong></span> <span class='ocrx_word' id='word_1_135' title='bbox 728 1707 889 1786; x_wconf 89' lang='grc' dir='ltr'><strong><em>τέσσαρας</em></strong></span> <span class='ocrx_word' id='word_1_136' title='bbox 915 1701 1086 1778; x_wconf 78' lang='grc' dir='ltr'><strong><em>διεστῶτες</em></strong></span> <span class='ocrx_word' id='word_1_137' title='bbox 1113 1699 1296 1786; x_wconf 77' lang='grc' dir='ltr'><strong><em>έτίγχανον.</em></strong></span> <span class='ocrx_word' id='word_1_138' title='bbox 1319 1699 1351 1765; x_wconf 81' lang='grc' dir='ltr'>οἱ</span> <span class='ocrx_word' id='word_1_139' title='bbox 1380 1701 1441 1784; x_wconf 76' lang='grc' dir='ltr'><strong><em>μέν</em></strong></span> <span class='ocrx_word' id='word_1_140' title='bbox 1470 1695 1527 1764; x_wconf 81' lang='grc' dir='ltr'>οὖν</span> 
     </span>
     <span class='ocr_line' id='line_1_14' title="bbox 178 1802 1526 1889; baseline 0.001 -25"><span class='ocrx_word' id='word_1_141' title='bbox 178 1802 325 1866; x_wconf 83' lang='grc' dir='ltr'><strong><em>τοιοῦτοι</em></strong></span> <span class='ocrx_word' id='word_1_142' title='bbox 354 1804 511 1886; x_wconf 79' lang='grc' dir='ltr'><strong><em>μερισμοὶ</em></strong></span> <span class='ocrx_word' id='word_1_143' title='bbox 541 1803 741 1889; x_wconf 84' lang='grc' dir='ltr'><strong><em>πρόσκαιροι</em></strong></span> <span class='ocrx_word' id='word_1_144' title='bbox 769 1807 824 1869; x_wconf 81' lang='grc' dir='ltr'>καί</span> <span class='ocrx_word' id='word_1_145' title='bbox 853 1803 962 1870; x_wconf 80' lang='grc' dir='ltr'><strong><em>ἄλλοτ’</em></strong></span> <span class='ocrx_word' id='word_1_146' title='bbox 985 1803 1082 1870; x_wconf 83' lang='grc' dir='ltr'><strong><em>ἄλλοι</em></strong></span> <span class='ocrx_word' id='word_1_147' title='bbox 1109 1817 1139 1870; x_wconf 91' lang='lat' dir='ltr'>et</span> <span class='ocrx_word' id='word_1_148' title='bbox 1166 1817 1233 1888; x_wconf 90' lang='lat' dir='ltr'>post</span> <span class='ocrx_word' id='word_1_149' title='bbox 1258 1807 1313 1870; x_wconf 89' lang='lat' dir='ltr'>alia</span> <span class='ocrx_word' id='word_1_150' title='bbox 1342 1825 1367 1869; x_wconf 89' lang='lat' dir='ltr'>e.</span> <span class='ocrx_word' id='word_1_151' title='bbox 1386 1806 1441 1867; x_wconf 82' lang='lat'>12:</span> <span class='ocrx_word' id='word_1_152' title='bbox 1468 1803 1526 1868; x_wconf 82' lang='grc' dir='ltr'>έπί</span> 
     </span>
     <span class='ocr_line' id='line_1_15' title="bbox 179 1899 1527 1994; baseline 0.004 -27"><span class='ocrx_word' id='word_1_153' title='bbox 179 1906 336 1970; x_wconf 84' lang='grc' dir='ltr'><strong><em>τοσοῦτον</em></strong></span> <span class='ocrx_word' id='word_1_154' title='bbox 357 1899 425 1971; x_wconf 79' lang='grc' dir='ltr'>άπὸ</span> <span class='ocrx_word' id='word_1_155' title='bbox 448 1909 507 1971; x_wconf 83' lang='grc' dir='ltr'><strong><em>τοῦ</em></strong></span> <span class='ocrx_word' id='word_1_156' title='bbox 528 1912 730 1992; x_wconf 79' lang='grc' dir='ltr'><strong><em>Βοιρεβίστα</em></strong></span> <span class='ocrx_word' id='word_1_157' title='bbox 752 1909 788 1972; x_wconf 84' lang='lat' dir='ltr'>cd</span> <span class='ocrx_word' id='word_1_158' title='bbox 812 1909 912 1985; x_wconf 80' lang='grc' dir='ltr'><strong><em>ἔθνος</em></strong></span> <span class='ocrx_word' id='word_1_159' title='bbox 933 1908 1075 1994; x_wconf 75' lang='grc' dir='ltr'><strong><em>ἐξαρθὲν</em></strong></span> <span class='ocrx_word' id='word_1_160' title='bbox 1096 1907 1306 1994; x_wconf 71' lang='grc' dir='ltr'><strong><em>ἐταπεινώθη</em></strong></span> <span class='ocrx_word' id='word_1_161' title='bbox 1322 1907 1436 1984; x_wconf 78' lang='grc' dir='ltr'><strong><em>τελέως</em></strong></span> <span class='ocrx_word' id='word_1_162' title='bbox 1458 1903 1527 1973; x_wconf 83' lang='grc' dir='ltr'>δπά</span> 
     </span>
     <span class='ocr_line' id='line_1_16' title="bbox 179 1998 1528 2098; baseline 0.003 -28"><span class='ocrx_word' id='word_1_163' title='bbox 179 2031 214 2070; x_wconf 88' lang='grc' dir='ltr'><strong><em>τε</em></strong></span> <span class='ocrx_word' id='word_1_164' title='bbox 241 2009 306 2072; x_wconf 81' lang='grc' dir='ltr'><strong><em>τῶν</em></strong></span> <span class='ocrx_word' id='word_1_165' title='bbox 334 2006 482 2074; x_wconf 84' lang='grc' dir='ltr'><strong><em>στάσεων</em></strong></span> <span class='ocrx_word' id='word_1_166' title='bbox 507 2013 563 2074; x_wconf 80' lang='grc' dir='ltr'>καί</span> <span class='ocrx_word' id='word_1_167' title='bbox 591 2014 656 2076; x_wconf 76' lang='grc' dir='ltr'><strong><em>τῶν</em></strong></span> <span class='ocrx_word' id='word_1_168' title='bbox 679 2009 849 2097; x_wconf 87' lang='grc' dir='ltr'><strong><em>Ῥωμαίων</em></strong></span> <span class='ocrx_word' id='word_1_169' title='bbox 875 2024 905 2078; x_wconf 88' lang='lat' dir='ltr'>et</span> <span class='ocrx_word' id='word_1_170' title='bbox 931 2033 1034 2077; x_wconf 83' lang='lat' dir='ltr'>rursus</span> <span class='ocrx_word' id='word_1_171' title='bbox 1061 2034 1085 2077; x_wconf 89' lang='lat' dir='ltr'>c.</span> <span class='ocrx_word' id='word_1_172' title='bbox 1109 2013 1162 2076; x_wconf 85' lang='lat'>13:</span> <span class='ocrx_word' id='word_1_173' title='bbox 1190 2008 1386 2098; x_wconf 79' lang='grc' dir='ltr'><strong><em>αὐξηθέντες</em></strong></span> <span class='ocrx_word' id='word_1_174' title='bbox 1413 2010 1442 2075; x_wconf 88' lang='grc' dir='ltr'>δ’</span> <span class='ocrx_word' id='word_1_175' title='bbox 1469 1998 1528 2075; x_wconf 72' lang='lat' dir='ltr'>cdv</span> 
     </span>
     <span class='ocr_line' id='line_1_17' title="bbox 180 2108 1527 2199; baseline 0.003 -26"><span class='ocrx_word' id='word_1_176' title='bbox 180 2109 237 2174; x_wconf 83' lang='grc' dir='ltr'><strong><em>έπὶ</em></strong></span> <span class='ocrx_word' id='word_1_177' title='bbox 269 2108 425 2176; x_wconf 77' lang='grc' dir='ltr'><strong><em>πλεῖστον</em></strong></span> <span class='ocrx_word' id='word_1_178' title='bbox 452 2119 486 2176; x_wconf 86' lang='grc' dir='ltr'><strong><em>οί</em></strong></span> <span class='ocrx_word' id='word_1_179' title='bbox 511 2137 546 2177; x_wconf 78' lang='grc' dir='ltr'><strong><em>τε</em></strong></span> <span class='ocrx_word' id='word_1_180' title='bbox 576 2117 672 2178; x_wconf 81' lang='grc' dir='ltr'><strong><em>Γέται</em></strong></span> <span class='ocrx_word' id='word_1_181' title='bbox 703 2121 736 2180; x_wconf 75' lang='lat' dir='ltr'>ot</span> <span class='ocrx_word' id='word_1_182' title='bbox 764 2139 801 2180; x_wconf 84' lang='grc' dir='ltr'><strong><em>τε</em></strong></span> <span class='ocrx_word' id='word_1_183' title='bbox 824 2120 950 2194; x_wconf 84' lang='grc' dir='ltr'><strong><em>Δαιτοί,</em></strong></span> <span class='ocrx_word' id='word_1_184' title='bbox 980 2114 1061 2182; x_wconf 81' lang='grc' dir='ltr'><strong><em>ὥστε</em></strong></span> <span class='ocrx_word' id='word_1_185' title='bbox 1086 2117 1142 2180; x_wconf 82' lang='grc' dir='ltr'><strong><em>καὶ</em></strong></span> <span class='ocrx_word' id='word_1_186' title='bbox 1165 2119 1269 2182; x_wconf 80' lang='grc' dir='ltr'><strong><em>εἴκοσι</em></strong></span> <span class='ocrx_word' id='word_1_187' title='bbox 1289 2113 1454 2199; x_wconf 80' lang='grc' dir='ltr'><strong><em>μυριάδας</em></strong></span> <span class='ocrx_word' id='word_1_188' title='bbox 1475 2113 1527 2178; x_wconf 82' lang='grc' dir='ltr'><strong><em>έκ-</em></strong></span> 
     </span>
     <span class='ocr_line' id='line_1_18' title="bbox 180 2215 1526 2304; baseline 0.004 -28"><span class='ocrx_word' id='word_1_189' title='bbox 180 2217 327 2296; x_wconf 86' lang='grc' dir='ltr'><strong><em>πέμπειν</em></strong></span> <span class='ocrx_word' id='word_1_190' title='bbox 356 2215 423 2296; x_wconf 85' lang='grc' dir='ltr'><strong><em>[είς]</em></strong></span> <span class='ocrx_word' id='word_1_191' title='bbox 449 2222 636 2295; x_wconf 83' lang='grc' dir='ltr'><strong><em>στρατείας,</em></strong></span> <span class='ocrx_word' id='word_1_192' title='bbox 658 2220 717 2285; x_wconf 79' lang='grc' dir='ltr'>νῦν</span> <span class='ocrx_word' id='word_1_193' title='bbox 747 2215 828 2285; x_wconf 88' lang='grc' dir='ltr'><strong><em>ὅσον</em></strong></span> <span class='ocrx_word' id='word_1_194' title='bbox 849 2222 897 2295; x_wconf 83' lang='grc' dir='ltr'><strong><em>είς</em></strong></span> <span class='ocrx_word' id='word_1_195' title='bbox 918 2218 1070 2304; x_wconf 78' lang='grc' dir='ltr'><strong><em>τέτταρας</em></strong></span> <span class='ocrx_word' id='word_1_196' title='bbox 1091 2217 1255 2302; x_wconf 81' lang='grc' dir='ltr'><strong><em>μυριάδας</em></strong></span> <span class='ocrx_word' id='word_1_197' title='bbox 1274 2218 1526 2301; x_wconf 81' lang='grc' dir='ltr'><strong><em>συνεσταλμένοι</em></strong></span> 
     </span>
     <span class='ocr_line' id='line_1_19' title="bbox 179 2315 1526 2407; baseline 0.001 -25"><span class='ocrx_word' id='word_1_198' title='bbox 179 2315 375 2397; x_wconf 82' lang='grc' dir='ltr'><strong><em>τυγχάνουσι</em></strong></span> <span class='ocrx_word' id='word_1_199' title='bbox 407 2319 463 2382; x_wconf 82' lang='grc' dir='ltr'><strong><em>καὶ</em></strong></span> <span class='ocrx_word' id='word_1_200' title='bbox 492 2319 585 2400; x_wconf 75' lang='grc' dir='ltr'><strong><em>ἐγγυς</em></strong></span> <span class='ocrx_word' id='word_1_201' title='bbox 619 2320 679 2406; x_wconf 82' lang='grc' dir='ltr'><strong><em>μέν</em></strong></span> <span class='ocrx_word' id='word_1_202' title='bbox 710 2317 826 2407; x_wconf 73' lang='grc' dir='ltr'><strong><em>ἥκουσι</em></strong></span> <span class='ocrx_word' id='word_1_203' title='bbox 861 2325 919 2388; x_wconf 84' lang='grc' dir='ltr'><strong><em>τοῦ</em></strong></span> <span class='ocrx_word' id='word_1_204' title='bbox 952 2321 1133 2387; x_wconf 83' lang='grc' dir='ltr'><strong><em>ὑπακούειν</em></strong></span> <span class='ocrx_word' id='word_1_205' title='bbox 1157 2319 1334 2405; x_wconf 86' lang='grc' dir='ltr'><strong><em>Ῥωμαίων.</em></strong></span> <span class='ocrx_word' id='word_1_206' title='bbox 1378 2319 1471 2385; x_wconf 84' lang='grc' dir='ltr'><strong><em>οὔπω</em></strong></span> <span class='ocrx_word' id='word_1_207' title='bbox 1494 2318 1526 2384; x_wconf 86' lang='grc' dir='ltr'>δ’</span> 
     </span>
     <span class='ocr_line' id='line_1_20' title="bbox 180 2418 1527 2511; baseline 0.004 -29"><span class='ocrx_word' id='word_1_208' title='bbox 180 2420 266 2485; x_wconf 78' lang='grc' dir='ltr'><strong><em>εἰσίν</em></strong></span> <span class='ocrx_word' id='word_1_209' title='bbox 300 2418 485 2506; x_wconf 80' lang='grc' dir='ltr'><strong><em>ὑποχείριοι</em></strong></span> <span class='ocrx_word' id='word_1_210' title='bbox 519 2424 634 2500; x_wconf 86' lang='grc' dir='ltr'><strong><em>τελέως</em></strong></span> <span class='ocrx_word' id='word_1_211' title='bbox 663 2424 722 2488; x_wconf 86' lang='grc' dir='ltr'>διά</span> <span class='ocrx_word' id='word_1_212' title='bbox 750 2427 807 2501; x_wconf 86' lang='grc' dir='ltr'><strong><em>τὰς</em></strong></span> <span class='ocrx_word' id='word_1_213' title='bbox 835 2421 870 2490; x_wconf 83' lang='grc' dir='ltr'>εἰι</span> <span class='ocrx_word' id='word_1_214' title='bbox 896 2429 960 2491; x_wconf 75' lang='grc' dir='ltr'><strong><em>τῶν</em></strong></span> <span class='ocrx_word' id='word_1_215' title='bbox 991 2428 1164 2511; x_wconf 79' lang='grc' dir='ltr'><strong><em>Γερμανῶν</em></strong></span> <span class='ocrx_word' id='word_1_216' title='bbox 1191 2425 1331 2500; x_wconf 85' lang='grc' dir='ltr'><strong><em>έλπίδας</em></strong></span> <span class='ocrx_word' id='word_1_217' title='bbox 1360 2422 1527 2508; x_wconf 72' lang='grc' dir='ltr'><strong><em>πολεμίων</em></strong></span> 
     </span>
     <span class='ocr_line' id='line_1_21' title="bbox 180 2519 1526 2612; baseline 0.001 -25"><span class='ocrx_word' id='word_1_218' title='bbox 180 2519 280 2587; x_wconf 85' lang='grc' dir='ltr'><strong><em>ὄντων</em></strong></span> <span class='ocrx_word' id='word_1_219' title='bbox 301 2536 372 2598; x_wconf 80' lang='grc' dir='ltr'><strong><em>τοῖς</em></strong></span> <span class='ocrx_word' id='word_1_220' title='bbox 390 2523 572 2610; x_wconf 88' lang='grc' dir='ltr'><strong><em>Ῥωμαίοις.</em></strong></span> <span class='ocrx_word' id='word_1_221' title='bbox 609 2530 642 2592; x_wconf 93' lang='lat' dir='ltr'>ln</span> <span class='ocrx_word' id='word_1_222' title='bbox 663 2530 725 2611; x_wconf 89' lang='lat' dir='ltr'>ipsa</span> <span class='ocrx_word' id='word_1_223' title='bbox 744 2530 828 2593; x_wconf 86' lang='lat' dir='ltr'>Dacia</span> <span class='ocrx_word' id='word_1_224' title='bbox 850 2530 957 2593; x_wconf 92' lang='lat' dir='ltr'>bellum</span> <span class='ocrx_word' id='word_1_225' title='bbox 981 2542 1095 2612; x_wconf 83' lang='lat' dir='ltr'>gestum</span> <span class='ocrx_word' id='word_1_226' title='bbox 1117 2550 1182 2593; x_wconf 88' lang='lat' dir='ltr'>esse</span> <span class='ocrx_word' id='word_1_227' title='bbox 1203 2530 1271 2594; x_wconf 91' lang='lat' dir='ltr'>inde</span> <span class='ocrx_word' id='word_1_228' title='bbox 1292 2529 1417 2592; x_wconf 88' lang='lat' dir='ltr'>maxime</span> <span class='ocrx_word' id='word_1_229' title='bbox 1439 2528 1526 2591; x_wconf 92' lang='lat' dir='ltr'>intel-</span> 
     </span>
     <span class='ocr_line' id='line_1_22' title="bbox 179 2627 1525 2715; baseline 0.004 -27"><span class='ocrx_word' id='word_1_230' title='bbox 179 2627 293 2708; x_wconf 84' lang='lat' dir='ltr'>legitur,</span> <span class='ocrx_word' id='word_1_231' title='bbox 316 2629 395 2708; x_wconf 88' lang='lat' dir='ltr'>quod</span> <span class='ocrx_word' id='word_1_232' title='bbox 417 2631 518 2693; x_wconf 89' lang='lat' dir='ltr'>eodem</span> <span class='ocrx_word' id='word_1_233' title='bbox 540 2633 682 2695; x_wconf 88' lang='lat' dir='ltr'>Strabone</span> <span class='ocrx_word' id='word_1_234' title='bbox 705 2642 779 2696; x_wconf 91' lang='lat' dir='ltr'>teste</span> <span class='ocrx_word' id='word_1_235' title='bbox 802 2635 900 2715; x_wconf 89' lang='lat' dir='ltr'>copiae</span> <span class='ocrx_word' id='word_1_236' title='bbox 916 2635 1054 2697; x_wconf 84' lang='lat' dir='ltr'>Romanis</span> <span class='ocrx_word' id='word_1_237' title='bbox 1077 2654 1129 2715; x_wconf 90' lang='lat' dir='ltr'>per</span> <span class='ocrx_word' id='word_1_238' title='bbox 1144 2633 1291 2696; x_wconf 85' lang='lat' dir='ltr'>liarisium</span> <span class='ocrx_word' id='word_1_239' title='bbox 1314 2652 1430 2695; x_wconf 89' lang='lat' dir='ltr'>amnem</span> <span class='ocrx_word' id='word_1_240' title='bbox 1454 2632 1525 2694; x_wconf 90' lang='lat' dir='ltr'>sub-</span> 
     </span>
     <span class='ocr_line' id='line_1_23' title="bbox 180 2731 1525 2818; baseline 0.004 -26"><span class='ocrx_word' id='word_1_241' title='bbox 180 2731 369 2794; x_wconf 89' lang='lat' dir='ltr'>vebebantur.</span> <span class='ocrx_word' id='word_1_242' title='bbox 417 2732 495 2796; x_wconf 91' lang='lat' dir='ltr'>Idem</span> <span class='ocrx_word' id='word_1_243' title='bbox 519 2735 641 2798; x_wconf 70' lang='lat' dir='ltr'>‘bellum</span> <span class='ocrx_word' id='word_1_244' title='bbox 671 2737 764 2818; x_wconf 85' lang='lat' dir='ltr'>tangit</span> <span class='ocrx_word' id='word_1_245' title='bbox 792 2738 949 2800; x_wconf 90' lang='lat' dir='ltr'>Suetonius</span> <span class='ocrx_word' id='word_1_246' title='bbox 976 2737 1060 2818; x_wconf 83' lang='lat' dir='ltr'>(Aug.</span> <span class='ocrx_word' id='word_1_247' title='bbox 1080 2736 1148 2814; x_wconf 77' lang='lat'>21):</span> <span class='ocrx_word' id='word_1_248' title='bbox 1176 2741 1298 2801; x_wconf 82' lang='lat' dir='ltr'>coercuit</span> <span class='ocrx_word' id='word_1_249' title='bbox 1323 2747 1349 2799; x_wconf 87' lang='lat' dir='ltr'>et</span> <span class='ocrx_word' id='word_1_250' title='bbox 1382 2737 1525 2798; x_wconf 78' lang='lat' dir='ltr'>Dacorum</span> 
     </span>
     <span class='ocr_line' id='line_1_24' title="bbox 179 2838 1525 2922; baseline 0.003 -26"><span class='ocrx_word' id='word_1_251' title='bbox 179 2839 352 2898; x_wconf 76' lang='lat' dir='ltr'>incursiones</span> <span class='ocrx_word' id='word_1_252' title='bbox 383 2838 475 2900; x_wconf 72' lang='lat' dir='ltr'>tribou</span> <span class='ocrx_word' id='word_1_253' title='bbox 506 2857 603 2902; x_wconf 78' lang='grc' dir='ltr'><strong><em>ιοιυοι</em></strong></span> <span class='ocrx_word' id='word_1_254' title='bbox 634 2841 751 2904; x_wconf 66' lang='lat' dir='ltr'>duabus</span> <span class='ocrx_word' id='word_1_255' title='bbox 777 2861 842 2904; x_wconf 80' lang='lat' dir='ltr'>crem</span> <span class='ocrx_word' id='word_1_256' title='bbox 870 2861 975 2922; x_wconf 83' lang='grc' dir='ltr'><strong><em>οιαηοο</em></strong></span> <span class='ocrx_word' id='word_1_257' title='bbox 1001 2845 1080 2921; x_wconf 81' lang='lat' dir='ltr'>copto</span> <span class='ocrx_word' id='word_1_258' title='bbox 1110 2845 1208 2915; x_wconf 78' lang='grc' dir='ltr'><strong><em>ιοιείτ,</em></strong></span> <span class='ocrx_word' id='word_1_259' title='bbox 1241 2840 1350 2902; x_wconf 88' lang='lat' dir='ltr'>scilicet</span> <span class='ocrx_word' id='word_1_260' title='bbox 1377 2839 1469 2902; x_wconf 90' lang='lat' dir='ltr'>tribus</span> <span class='ocrx_word' id='word_1_261' title='bbox 1490 2858 1525 2900; x_wconf 91' lang='lat' dir='ltr'>ex</span> 
     </span>
     <span class='ocr_line' id='line_1_25' title="bbox 181 2941 1526 3026; baseline 0.003 -27"><span class='ocrx_word' id='word_1_262' title='bbox 181 2949 319 3020; x_wconf 90' lang='lat' dir='ltr'>quattuor</span> <span class='ocrx_word' id='word_1_263' title='bbox 340 2941 457 3021; x_wconf 84' lang='lat' dir='ltr'>regibus</span> <span class='ocrx_word' id='word_1_264' title='bbox 479 2945 578 3023; x_wconf 91' lang='lat' dir='ltr'>populi</span> <span class='ocrx_word' id='word_1_265' title='bbox 600 2945 813 3026; x_wconf 85' lang='lat' dir='ltr'>quadripartiti.</span> <span class='ocrx_word' id='word_1_266' title='bbox 849 2945 953 3007; x_wconf 84' lang='lat' dir='ltr'>Florus</span> <span class='ocrx_word' id='word_1_267' title='bbox 973 2944 1076 3007; x_wconf 91' lang='lat' dir='ltr'>deinde</span> <span class='ocrx_word' id='word_1_268' title='bbox 1097 2944 1116 3004; x_wconf 94' lang='lat' dir='ltr'>l.</span> <span class='ocrx_word' id='word_1_269' title='bbox 1132 2963 1157 3005; x_wconf 90' lang='lat' dir='ltr'>e.</span> <span class='ocrx_word' id='word_1_270' title='bbox 1180 2943 1222 3006; x_wconf 89' lang='lat' dir='ltr'>sic</span> <span class='ocrx_word' id='word_1_271' title='bbox 1243 2943 1350 3025; x_wconf 82' lang='lat' dir='ltr'>pergit:</span> <span class='ocrx_word' id='word_1_272' title='bbox 1372 2947 1464 3006; x_wconf 81' lang='grc' dir='ltr'><strong><em>υίοιιυι</em></strong></span> <span class='ocrx_word' id='word_1_273' title='bbox 1487 2953 1526 3004; x_wconf 84' lang='lat' dir='ltr'>eet</span> 
     </span>
     <span class='ocr_line' id='line_1_26' title="bbox 181 3040 1524 3132; baseline 0.003 -28"><span class='ocrx_word' id='word_1_274' title='bbox 181 3040 298 3106; x_wconf 74' lang='lat' dir='ltr'>Camari</span> <span class='ocrx_word' id='word_1_275' title='bbox 324 3044 447 3125; x_wconf 78' lang='grc' dir='ltr'><strong><em>Αυηαοίο</em></strong></span> <span class='ocrx_word' id='word_1_276' title='bbox 477 3058 586 3128; x_wconf 74' lang='lat' dir='ltr'>pentem</span> <span class='ocrx_word' id='word_1_277' title='bbox 616 3050 698 3112; x_wconf 84' lang='lat' dir='ltr'>aditu</span> <span class='ocrx_word' id='word_1_278' title='bbox 732 3051 933 3132; x_wconf 74' lang='lat' dir='ltr'>difficillimam</span> <span class='ocrx_word' id='word_1_279' title='bbox 961 3067 1151 3112; x_wconf 83' lang='lat' dir='ltr'>summovere:</span> <span class='ocrx_word' id='word_1_280' title='bbox 1183 3051 1266 3111; x_wconf 78' lang='grc' dir='ltr'><strong><em>υιίοιο</em></strong></span> <span class='ocrx_word' id='word_1_281' title='bbox 1293 3051 1381 3128; x_wconf 80' lang='grc' dir='ltr'><strong><em>ίμλυο</em></strong></span> <span class='ocrx_word' id='word_1_282' title='bbox 1407 3046 1524 3109; x_wconf 79' lang='lat' dir='ltr'>Lentulo</span> 
     </span>
     <span class='ocr_line' id='line_1_27' title="bbox 179 3146 1524 3234; baseline 0.003 -26"><span class='ocrx_word' id='word_1_283' title='bbox 179 3146 259 3209; x_wconf 84' lang='lat' dir='ltr'>ultro</span> <span class='ocrx_word' id='word_1_284' title='bbox 280 3147 444 3211; x_wconf 80' lang='grc' dir='ltr'><strong><em>υίιαίοτιυι</em></strong></span> <span class='ocrx_word' id='word_1_285' title='bbox 467 3152 593 3232; x_wconf 79' lang='lat' dir='ltr'>perpulit</span> <span class='ocrx_word' id='word_1_286' title='bbox 614 3156 723 3233; x_wconf 77' lang='lat' dir='ltr'>ra&#39;pam;</span> <span class='ocrx_word' id='word_1_287' title='bbox 753 3157 823 3217; x_wconf 76' lang='lat' dir='ltr'>cetra</span> <span class='ocrx_word' id='word_1_288' title='bbox 840 3153 987 3234; x_wconf 81' lang='lat' dir='ltr'>praesidia</span> <span class='ocrx_word' id='word_1_289' title='bbox 1010 3157 1169 3216; x_wconf 81' lang='lat' dir='ltr'>constituto.</span> <span class='ocrx_word' id='word_1_290' title='bbox 1212 3157 1251 3214; x_wconf 84' lang='lat' dir='ltr'>sic</span> <span class='ocrx_word' id='word_1_291' title='bbox 1272 3161 1333 3213; x_wconf 86' lang='lat' dir='ltr'>tum</span> <span class='ocrx_word' id='word_1_292' title='bbox 1354 3151 1445 3213; x_wconf 83' lang='lat' dir='ltr'>Decio</span> <span class='ocrx_word' id='word_1_293' title='bbox 1467 3168 1524 3212; x_wconf 84' lang='lat' dir='ltr'>uon</span> 
     </span>
     <span class='ocr_line' id='line_1_28' title="bbox 180 3252 1525 3336; baseline 0.004 -25"><span class='ocrx_word' id='word_1_294' title='bbox 180 3254 268 3324; x_wconf 81' lang='grc' dir='ltr'><strong><em>υίοίο,</em></strong></span> <span class='ocrx_word' id='word_1_295' title='bbox 289 3252 337 3314; x_wconf 85' lang='lat' dir='ltr'>sed</span> <span class='ocrx_word' id='word_1_296' title='bbox 358 3264 498 3316; x_wconf 73' lang='lat' dir='ltr'>stemmata</span> <span class='ocrx_word' id='word_1_297' title='bbox 520 3265 602 3336; x_wconf 72' lang='lat' dir='ltr'>capte</span> <span class='ocrx_word' id='word_1_298' title='bbox 625 3255 714 3319; x_wconf 83' lang='lat' dir='ltr'>dilato</span> <span class='ocrx_word' id='word_1_299' title='bbox 735 3269 785 3320; x_wconf 85' lang='lat' dir='ltr'>est.</span> <span class='ocrx_word' id='word_1_300' title='bbox 828 3257 915 3319; x_wconf 76' lang='lat' dir='ltr'>addc</span> <span class='ocrx_word' id='word_1_301' title='bbox 937 3255 971 3330; x_wconf 91' lang='grc'>2,</span> <span class='ocrx_word' id='word_1_302' title='bbox 987 3255 1028 3318; x_wconf 90' lang='grc'>29</span> <span class='ocrx_word' id='word_1_303' title='bbox 1051 3256 1175 3318; x_wconf 91' lang='lat' dir='ltr'>eundem</span> <span class='ocrx_word' id='word_1_304' title='bbox 1198 3253 1355 3317; x_wconf 88' lang='lat' dir='ltr'>Lentulum</span> <span class='ocrx_word' id='word_1_305' title='bbox 1379 3254 1525 3316; x_wconf 89' lang='lat' dir='ltr'>Sarmatas</span> 
     </span>
     <span class='ocr_line' id='line_1_29' title="bbox 181 3355 1525 3441; baseline 0.001 -26"><span class='ocrx_word' id='word_1_306' title='bbox 181 3355 364 3434; x_wconf 89' lang='lat' dir='ltr'>prohibuisse</span> <span class='ocrx_word' id='word_1_307' title='bbox 390 3376 406 3418; x_wconf 91' lang='lat' dir='ltr'>a</span> <span class='ocrx_word' id='word_1_308' title='bbox 433 3357 572 3420; x_wconf 85' lang='lat' dir='ltr'>llanuvio.</span> <span class='ocrx_word' id='word_1_309' title='bbox 616 3359 733 3424; x_wconf 86' lang='lat' dir='ltr'>Tacitus</span> <span class='ocrx_word' id='word_1_310' title='bbox 763 3361 888 3441; x_wconf 90' lang='lat' dir='ltr'>denique</span> <span class='ocrx_word' id='word_1_311' title='bbox 915 3378 982 3422; x_wconf 90' lang='lat' dir='ltr'>ann.</span> <span class='ocrx_word' id='word_1_312' title='bbox 999 3361 1034 3433; x_wconf 88' lang='grc'>4,</span> <span class='ocrx_word' id='word_1_313' title='bbox 1057 3360 1111 3434; x_wconf 88' lang='grc'>44,</span> <span class='ocrx_word' id='word_1_314' title='bbox 1139 3359 1190 3420; x_wconf 92' lang='lat' dir='ltr'>ubi</span> <span class='ocrx_word' id='word_1_315' title='bbox 1216 3358 1317 3422; x_wconf 89' lang='lat' dir='ltr'>scribit</span> <span class='ocrx_word' id='word_1_316' title='bbox 1343 3377 1368 3420; x_wconf 91' lang='lat' dir='ltr'>a.</span> <span class='ocrx_word' id='word_1_317' title='bbox 1388 3377 1416 3438; x_wconf 91' lang='lat' dir='ltr'>p.</span> <span class='ocrx_word' id='word_1_318' title='bbox 1438 3358 1469 3420; x_wconf 89' lang='lat' dir='ltr'>C.</span> <span class='ocrx_word' id='word_1_319' title='bbox 1485 3356 1525 3418; x_wconf 91' lang='grc'>25</span> 
     </span>
     <span class='ocr_line' id='line_1_30' title="bbox 181 3457 1527 3544; baseline 0.003 -27"><span class='ocrx_word' id='word_1_320' title='bbox 181 3457 287 3520; x_wconf 89' lang='lat' dir='ltr'>obiisse</span> <span class='ocrx_word' id='word_1_321' title='bbox 309 3459 362 3521; x_wconf 85' lang='lat' dir='ltr'>Cn.</span> <span class='ocrx_word' id='word_1_322' title='bbox 382 3460 553 3536; x_wconf 78' lang='lat' dir='ltr'>lentulum,</span> <span class='ocrx_word' id='word_1_323' title='bbox 580 3461 645 3525; x_wconf 87' lang='lat' dir='ltr'>eius</span> <span class='ocrx_word' id='word_1_324' title='bbox 671 3474 814 3527; x_wconf 92' lang='lat' dir='ltr'>memorat</span> <span class='ocrx_word' id='word_1_325' title='bbox 835 3464 1013 3528; x_wconf 70' lang='lat' dir='ltr'>caputiatum</span> <span class='ocrx_word' id='word_1_326' title='bbox 1034 3473 1059 3524; x_wconf 88' lang='lat' dir='ltr'>et</span> <span class='ocrx_word' id='word_1_327' title='bbox 1080 3461 1267 3544; x_wconf 80' lang='lat' dir='ltr'>tra&#39;umpbulio</span> <span class='ocrx_word' id='word_1_328' title='bbox 1288 3463 1321 3524; x_wconf 86' lang='lat' dir='ltr'>de</span> <span class='ocrx_word' id='word_1_329' title='bbox 1346 3460 1420 3524; x_wconf 83' lang='lat' dir='ltr'>Getis</span> <span class='ocrx_word' id='word_1_330' title='bbox 1441 3460 1527 3540; x_wconf 71' lang='lat' dir='ltr'>(uetes</span> 
     </span>
     <span class='ocr_line' id='line_1_31' title="bbox 180 3559 1527 3647; baseline 0.001 -25"><span class='ocrx_word' id='word_1_331' title='bbox 180 3559 274 3639; x_wconf 88' lang='lat' dir='ltr'>liber),</span> <span class='ocrx_word' id='word_1_332' title='bbox 296 3582 384 3642; x_wconf 87' lang='lat' dir='ltr'>quam</span> <span class='ocrx_word' id='word_1_333' title='bbox 407 3564 561 3628; x_wconf 92' lang='lat' dir='ltr'>lectionem</span> <span class='ocrx_word' id='word_1_334' title='bbox 577 3565 627 3629; x_wconf 91' lang='lat' dir='ltr'>diu</span> <span class='ocrx_word' id='word_1_335' title='bbox 650 3568 842 3631; x_wconf 84' lang='lat' dir='ltr'>oblitteratam</span> <span class='ocrx_word' id='word_1_336' title='bbox 866 3575 944 3630; x_wconf 86' lang='lat' dir='ltr'>recte</span> <span class='ocrx_word' id='word_1_337' title='bbox 958 3564 1151 3647; x_wconf 89' lang='lat' dir='ltr'>Nipperdeius</span> <span class='ocrx_word' id='word_1_338' title='bbox 1165 3565 1318 3628; x_wconf 79' lang='lat' dir='ltr'>revocavit.</span> <span class='ocrx_word' id='word_1_339' title='bbox 1349 3564 1527 3644; x_wconf 83' lang='lat' dir='ltr'>intellegitur</span> 
     </span>
     <span class='ocr_line' id='line_1_32' title="bbox 182 3666 1525 3752; baseline 0.001 -26"><span class='ocrx_word' id='word_1_340' title='bbox 182 3667 284 3728; x_wconf 88' lang='lat' dir='ltr'>consul</span> <span class='ocrx_word' id='word_1_341' title='bbox 312 3685 338 3728; x_wconf 92' lang='lat' dir='ltr'>a.</span> <span class='ocrx_word' id='word_1_342' title='bbox 355 3667 447 3744; x_wconf 63' lang='grc'>7401)</span> <span class='ocrx_word' id='word_1_343' title='bbox 478 3687 605 3750; x_wconf 90' lang='lat' dir='ltr'>eumque</span> <span class='ocrx_word' id='word_1_344' title='bbox 632 3671 779 3751; x_wconf 86' lang='lat' dir='ltr'>probabile</span> <span class='ocrx_word' id='word_1_345' title='bbox 805 3681 851 3734; x_wconf 91' lang='lat' dir='ltr'>est</span> <span class='ocrx_word' id='word_1_346' title='bbox 878 3669 1092 3752; x_wconf 83' lang='lat' dir='ltr'>expeditionem</span> <span class='ocrx_word' id='word_1_347' title='bbox 1118 3669 1222 3732; x_wconf 83' lang='lat' dir='ltr'>iecisse</span> <span class='ocrx_word' id='word_1_348' title='bbox 1243 3670 1370 3749; x_wconf 78' lang='lat' dir='ltr'>legatum</span> <span class='ocrx_word' id='word_1_349' title='bbox 1393 3666 1525 3729; x_wconf 82' lang='lat' dir='ltr'>Moesiae.</span> 
     </span>
    </p>
   </div>
   <div class='ocr_carea' id='block_1_3' title="bbox 180 3865 1529 4884">
    <p class='ocr_par' dir='ltr' id='par_1_3' title="bbox 180 3865 1529 4884">
     <span class='ocr_line' id='line_1_33' title="bbox 281 3865 1527 3938; baseline 0 -21"><span class='ocrx_word' id='word_1_350' title='bbox 281 3869 300 3930; x_wconf 90' lang='lat'>¹)</span> <span class='ocrx_word' id='word_1_351' title='bbox 319 3866 414 3920; x_wconf 85' lang='lat' dir='ltr'>Consul</span> <span class='ocrx_word' id='word_1_352' title='bbox 435 3884 458 3921; x_wconf 84' lang='lat' dir='ltr'>a.</span> <span class='ocrx_word' id='word_1_353' title='bbox 472 3871 521 3922; x_wconf 93' lang='grc'>740</span> <span class='ocrx_word' id='word_1_354' title='bbox 539 3871 682 3937; x_wconf 80' lang='lat' dir='ltr'>appelletur</span> <span class='ocrx_word' id='word_1_355' title='bbox 701 3869 755 3935; x_wconf 86' lang='lat' dir='ltr'>[Ca.</span> <span class='ocrx_word' id='word_1_356' title='bbox 777 3869 919 3938; x_wconf 80' lang='grc' dir='ltr'><strong><em>οοπιοίί)αι</em></strong></span> <span class='ocrx_word' id='word_1_357' title='bbox 934 3870 977 3923; x_wconf 86' lang='lat' dir='ltr'>Cn.</span> <span class='ocrx_word' id='word_1_358' title='bbox 984 3873 1012 3938; x_wconf 77' lang='lat' dir='ltr'>j.</span> <span class='ocrx_word' id='word_1_359' title='bbox 1025 3867 1147 3921; x_wconf 67' lang='lat' dir='ltr'>bodolus</span> <span class='ocrx_word' id='word_1_360' title='bbox 1164 3884 1251 3934; x_wconf 69' lang='lat' dir='ltr'>augm</span> <span class='ocrx_word' id='word_1_361' title='bbox 1269 3869 1295 3919; x_wconf 92' lang='lat' dir='ltr'>in</span> <span class='ocrx_word' id='word_1_362' title='bbox 1313 3868 1378 3919; x_wconf 84' lang='lat' dir='ltr'>actis</span> <span class='ocrx_word' id='word_1_363' title='bbox 1396 3865 1527 3919; x_wconf 79' lang='lat' dir='ltr'>Arvalium</span> 
     </span>
     <span class='ocr_line' id='line_1_34' title="bbox 182 3952 1528 4023; baseline -0.001 -19"><span class='ocrx_word' id='word_1_364' title='bbox 182 3969 205 4020; x_wconf 94' lang='lat' dir='ltr'>p.</span> <span class='ocrx_word' id='word_1_365' title='bbox 220 3953 335 4006; x_wconf 82' lang='lat' dir='ltr'>xxxtx</span> <span class='ocrx_word' id='word_1_366' title='bbox 358 3971 461 4023; x_wconf 85' lang='lat' dir='ltr'>eumque</span> <span class='ocrx_word' id='word_1_367' title='bbox 485 3955 620 4008; x_wconf 88' lang='lat' dir='ltr'>Lentulum</span> <span class='ocrx_word' id='word_1_368' title='bbox 642 3971 762 4020; x_wconf 69' lang='lat' dir='ltr'>augurem</span> <span class='ocrx_word' id='word_1_369' title='bbox 785 3957 878 4008; x_wconf 89' lang='lat' dir='ltr'>dictum</span> <span class='ocrx_word' id='word_1_370' title='bbox 902 3955 981 4008; x_wconf 82' lang='lat' dir='ltr'>laissa</span> <span class='ocrx_word' id='word_1_371' title='bbox 1004 3956 1080 4006; x_wconf 86' lang='lat' dir='ltr'>etiam</span> <span class='ocrx_word' id='word_1_372' title='bbox 1105 3957 1129 4006; x_wconf 91' lang='lat' dir='ltr'>in</span> <span class='ocrx_word' id='word_1_373' title='bbox 1148 3952 1221 4006; x_wconf 80' lang='lat' dir='ltr'>lestis</span> <span class='ocrx_word' id='word_1_374' title='bbox 1240 3953 1392 4020; x_wconf 85' lang='lat' dir='ltr'>Capitolinis</span> <span class='ocrx_word' id='word_1_375' title='bbox 1410 3959 1528 4019; x_wconf 88' lang='lat' dir='ltr'>excerpta</span> 
     </span>
     <span class='ocr_line' id='line_1_35' title="bbox 180 4039 1527 4110; baseline -0.002 -17"><span class='ocrx_word' id='word_1_376' title='bbox 180 4040 290 4104; x_wconf 72' lang='lat' dir='ltr'>(att.</span> <span class='ocrx_word' id='word_1_377' title='bbox 305 4041 349 4108; x_wconf 86' lang='lat' dir='ltr'>lp.</span> <span class='ocrx_word' id='word_1_378' title='bbox 364 4043 423 4106; x_wconf 87' lang='grc'>540)</span> <span class='ocrx_word' id='word_1_379' title='bbox 441 4044 584 4108; x_wconf 82' lang='lat' dir='ltr'>declarant3</span> <span class='ocrx_word' id='word_1_380' title='bbox 606 4044 649 4095; x_wconf 84' lang='lat' dir='ltr'>Cu.</span> <span class='ocrx_word' id='word_1_381' title='bbox 665 4042 797 4096; x_wconf 77' lang='grc' dir='ltr'><strong><em>θοτποίίιιτ</em></strong></span> <span class='ocrx_word' id='word_1_382' title='bbox 816 4043 859 4093; x_wconf 84' lang='lat' dir='ltr'>Cn.</span> <span class='ocrx_word' id='word_1_383' title='bbox 871 4045 899 4110; x_wconf 83' lang='lat' dir='ltr'>s.</span> <span class='ocrx_word' id='word_1_384' title='bbox 914 4041 1033 4094; x_wconf 73' lang='grc' dir='ltr'><strong><em>ίιοιιίυίατ</em></strong></span> <span class='ocrx_word' id='word_1_385' title='bbox 1050 4042 1076 4092; x_wconf 91' lang='lat' dir='ltr'>in</span> <span class='ocrx_word' id='word_1_386' title='bbox 1095 4041 1178 4092; x_wconf 88' lang='lat' dir='ltr'>indice</span> <span class='ocrx_word' id='word_1_387' title='bbox 1196 4040 1326 4092; x_wconf 87' lang='lat' dir='ltr'>consulari</span> <span class='ocrx_word' id='word_1_388' title='bbox 1344 4039 1431 4090; x_wconf 85' lang='lat' dir='ltr'>llionis</span> <span class='ocrx_word' id='word_1_389' title='bbox 1450 4039 1527 4102; x_wconf 68' lang='grc'>154,</span> 
     </span>
     <span class='ocr_line' id='line_1_36' title="bbox 183 4123 1528 4195; baseline -0.001 -17"><span class='ocrx_word' id='word_1_390' title='bbox 183 4127 226 4179; x_wconf 80' lang='lat' dir='ltr'>Cn.</span> <span class='ocrx_word' id='word_1_391' title='bbox 250 4127 378 4180; x_wconf 79' lang='lat' dir='ltr'>Cornelius</span> <span class='ocrx_word' id='word_1_392' title='bbox 401 4130 426 4180; x_wconf 90' lang='lat' dir='ltr'>ia</span> <span class='ocrx_word' id='word_1_393' title='bbox 445 4131 569 4180; x_wconf 84' lang='lat' dir='ltr'>laterculo</span> <span class='ocrx_word' id='word_1_394' title='bbox 589 4131 716 4181; x_wconf 86' lang='lat' dir='ltr'>consulari</span> <span class='ocrx_word' id='word_1_395' title='bbox 735 4129 828 4180; x_wconf 81' lang='lat' dir='ltr'>ninV</span> <span class='ocrx_word' id='word_1_396' title='bbox 847 4137 873 4179; x_wconf 86' lang='lat' dir='ltr'>et</span> <span class='ocrx_word' id='word_1_397' title='bbox 891 4133 955 4195; x_wconf 85' lang='lat' dir='ltr'>apud</span> <span class='ocrx_word' id='word_1_398' title='bbox 973 4129 1077 4180; x_wconf 85' lang='lat' dir='ltr'>Dionem</span> <span class='ocrx_word' id='word_1_399' title='bbox 1096 4128 1142 4190; x_wconf 83' lang='grc'>54,</span> <span class='ocrx_word' id='word_1_400' title='bbox 1165 4127 1214 4190; x_wconf 76' lang='lat'>243</span> <span class='ocrx_word' id='word_1_401' title='bbox 1243 4126 1285 4178; x_wconf 84' lang='lat' dir='ltr'>Cn.</span> <span class='ocrx_word' id='word_1_402' title='bbox 1305 4123 1426 4176; x_wconf 76' lang='lat' dir='ltr'>Lentulus</span> <span class='ocrx_word' id='word_1_403' title='bbox 1442 4141 1528 4190; x_wconf 74' lang='lat' dir='ltr'>magar</span> 
     </span>
     <span class='ocr_line' id='line_1_37' title="bbox 181 4210 1528 4284; baseline -0.004 -19"><span class='ocrx_word' id='word_1_404' title='bbox 181 4216 246 4280; x_wconf 81' lang='lat' dir='ltr'>apud</span> <span class='ocrx_word' id='word_1_405' title='bbox 266 4219 406 4281; x_wconf 67' lang='lat' dir='ltr'>Augustum</span> <span class='ocrx_word' id='word_1_406' title='bbox 424 4232 489 4266; x_wconf 86' lang='lat' dir='ltr'>mon.</span> <span class='ocrx_word' id='word_1_407' title='bbox 502 4218 598 4284; x_wconf 77' lang='lat' dir='ltr'>Ancyr.</span> <span class='ocrx_word' id='word_1_408' title='bbox 617 4217 642 4281; x_wconf 88' lang='grc'>3,</span> <span class='ocrx_word' id='word_1_409' title='bbox 654 4218 695 4282; x_wconf 89' lang='grc'>23,</span> <span class='ocrx_word' id='word_1_410' title='bbox 713 4215 833 4266; x_wconf 81' lang='lat' dir='ltr'>Senecam</span> <span class='ocrx_word' id='word_1_411' title='bbox 851 4217 881 4267; x_wconf 84' lang='lat' dir='ltr'>tle</span> <span class='ocrx_word' id='word_1_412' title='bbox 899 4215 981 4266; x_wconf 81' lang='lat' dir='ltr'>benef.</span> <span class='ocrx_word' id='word_1_413' title='bbox 995 4215 1020 4280; x_wconf 88' lang='grc'>2,</span> <span class='ocrx_word' id='word_1_414' title='bbox 1032 4217 1074 4280; x_wconf 90' lang='grc'>27,</span> <span class='ocrx_word' id='word_1_415' title='bbox 1092 4213 1239 4265; x_wconf 85' lang='lat' dir='ltr'>Suetonium</span> <span class='ocrx_word' id='word_1_416' title='bbox 1251 4211 1306 4264; x_wconf 86' lang='lat' dir='ltr'>Tib.</span> <span class='ocrx_word' id='word_1_417' title='bbox 1319 4212 1352 4262; x_wconf 90' lang='grc'>49</span> <span class='ocrx_word' id='word_1_418' title='bbox 1371 4219 1397 4262; x_wconf 89' lang='lat' dir='ltr'>et</span> <span class='ocrx_word' id='word_1_419' title='bbox 1414 4212 1438 4260; x_wconf 91' lang='lat' dir='ltr'>in</span> <span class='ocrx_word' id='word_1_420' title='bbox 1451 4210 1528 4261; x_wconf 92' lang='lat' dir='ltr'>titulo</span> 
     </span>
     <span class='ocr_line' id='line_1_38' title="bbox 182 4296 1528 4370; baseline -0.003 -18"><span class='ocrx_word' id='word_1_421' title='bbox 182 4300 282 4367; x_wconf 76' lang='lat' dir='ltr'>Nysaeo</span> <span class='ocrx_word' id='word_1_422' title='bbox 301 4301 327 4354; x_wconf 87' lang='lat' dir='ltr'>C.</span> <span class='ocrx_word' id='word_1_423' title='bbox 345 4299 363 4351; x_wconf 93' lang='lat' dir='ltr'>l.</span> <span class='ocrx_word' id='word_1_424' title='bbox 378 4299 422 4352; x_wconf 85' lang='lat' dir='ltr'>Gr.</span> <span class='ocrx_word' id='word_1_425' title='bbox 438 4301 517 4365; x_wconf 81' lang='grc'>2943;</span> <span class='ocrx_word' id='word_1_426' title='bbox 544 4300 666 4353; x_wconf 76' lang='grc' dir='ltr'><strong><em>λοπίιιίυι</em></strong></span> <span class='ocrx_word' id='word_1_427' title='bbox 688 4317 774 4370; x_wconf 77' lang='lat' dir='ltr'>augur</span> <span class='ocrx_word' id='word_1_428' title='bbox 791 4303 816 4353; x_wconf 92' lang='lat' dir='ltr'>in</span> <span class='ocrx_word' id='word_1_429' title='bbox 836 4303 912 4353; x_wconf 88' lang='lat' dir='ltr'>titulo</span> <span class='ocrx_word' id='word_1_430' title='bbox 930 4301 1020 4352; x_wconf 89' lang='lat' dir='ltr'>liberti</span> <span class='ocrx_word' id='word_1_431' title='bbox 1037 4299 1082 4351; x_wconf 86' lang='lat' dir='ltr'>Ca.</span> <span class='ocrx_word' id='word_1_432' title='bbox 1095 4299 1209 4352; x_wconf 89' lang='lat' dir='ltr'>Cornelii</span> <span class='ocrx_word' id='word_1_433' title='bbox 1224 4299 1316 4349; x_wconf 75' lang='lat' dir='ltr'>Albani</span> <span class='ocrx_word' id='word_1_434' title='bbox 1334 4297 1361 4348; x_wconf 87' lang='lat' dir='ltr'>C.</span> <span class='ocrx_word' id='word_1_435' title='bbox 1373 4296 1423 4360; x_wconf 83' lang='grc' dir='ltr'>ΙΧ,</span> <span class='ocrx_word' id='word_1_436' title='bbox 1445 4296 1528 4358; x_wconf 70' lang='grc'>3099)</span> 
     </span>
     <span class='ocr_line' id='line_1_39' title="bbox 182 4382 1527 4454; baseline -0.003 -19"><span class='ocrx_word' id='word_1_437' title='bbox 182 4401 269 4454; x_wconf 78' lang='lat' dir='ltr'>augur</span> <span class='ocrx_word' id='word_1_438' title='bbox 292 4385 414 4439; x_wconf 72' lang='lat' dir='ltr'>centnm</span> <span class='ocrx_word' id='word_1_439' title='bbox 441 4389 504 4454; x_wconf 85' lang='lat' dir='ltr'>apud</span> <span class='ocrx_word' id='word_1_440' title='bbox 528 4386 642 4439; x_wconf 85' lang='lat' dir='ltr'>Tacitum</span> <span class='ocrx_word' id='word_1_441' title='bbox 666 4403 722 4438; x_wconf 86' lang='lat' dir='ltr'>aaa.</span> <span class='ocrx_word' id='word_1_442' title='bbox 740 4387 769 4450; x_wconf 92' lang='grc'>3,</span> <span class='ocrx_word' id='word_1_443' title='bbox 788 4387 833 4449; x_wconf 67' lang='grc'>52)</span> <span class='ocrx_word' id='word_1_444' title='bbox 865 4385 902 4436; x_wconf 83' lang='lat' dir='ltr'>Cn</span> <span class='ocrx_word' id='word_1_445' title='bbox 935 4383 1051 4436; x_wconf 78' lang='lat' dir='ltr'>beatulm</span> <span class='ocrx_word' id='word_1_446' title='bbox 1078 4386 1102 4436; x_wconf 90' lang='lat' dir='ltr'>ln</span> <span class='ocrx_word' id='word_1_447' title='bbox 1127 4383 1202 4436; x_wconf 82' lang='lat' dir='ltr'>lestis</span> <span class='ocrx_word' id='word_1_448' title='bbox 1228 4382 1432 4434; x_wconf 84' lang='lat' dir='ltr'>Cassiodorianis</span> <span class='ocrx_word' id='word_1_449' title='bbox 1451 4390 1479 4435; x_wconf 86' lang='lat' dir='ltr'>et</span> <span class='ocrx_word' id='word_1_450' title='bbox 1501 4383 1527 4432; x_wconf 90' lang='lat' dir='ltr'>in</span> 
     </span>
     <span class='ocr_line' id='line_1_40' title="bbox 182 4467 1529 4536; baseline -0.001 -14"><span class='ocrx_word' id='word_1_451' title='bbox 182 4472 267 4523; x_wconf 88' lang='lat' dir='ltr'>titulis</span> <span class='ocrx_word' id='word_1_452' title='bbox 289 4473 349 4524; x_wconf 79' lang='lat' dir='ltr'>anni</span> <span class='ocrx_word' id='word_1_453' title='bbox 372 4473 520 4536; x_wconf 71' lang='lat' dir='ltr'>designandi</span> <span class='ocrx_word' id='word_1_454' title='bbox 542 4488 617 4523; x_wconf 85' lang='lat' dir='ltr'>caasa</span> <span class='ocrx_word' id='word_1_455' title='bbox 640 4473 668 4524; x_wconf 86' lang='lat' dir='ltr'>C.</span> <span class='ocrx_word' id='word_1_456' title='bbox 684 4471 703 4523; x_wconf 91' lang='lat' dir='ltr'>l.</span> <span class='ocrx_word' id='word_1_457' title='bbox 723 4471 785 4536; x_wconf 88' lang='lat' dir='ltr'>t..1,</span> <span class='ocrx_word' id='word_1_458' title='bbox 804 4473 861 4523; x_wconf 91' lang='grc'>745.</span> <span class='ocrx_word' id='word_1_459' title='bbox 882 4474 939 4522; x_wconf 90' lang='grc'>747.</span> <span class='ocrx_word' id='word_1_460' title='bbox 953 4471 987 4535; x_wconf 84' lang='grc' dir='ltr'>Χ,</span> <span class='ocrx_word' id='word_1_461' title='bbox 1005 4471 1062 4523; x_wconf 84' lang='grc'>885.</span> <span class='ocrx_word' id='word_1_462' title='bbox 1076 4472 1133 4523; x_wconf 83' lang='grc'>886.</span> <span class='ocrx_word' id='word_1_463' title='bbox 1149 4469 1220 4523; x_wconf 82' lang='grc'>1938.</span> <span class='ocrx_word' id='word_1_464' title='bbox 1239 4469 1319 4520; x_wconf 78' lang='lat' dir='ltr'>orell.</span> <span class='ocrx_word' id='word_1_465' title='bbox 1337 4467 1416 4531; x_wconf 67' lang='grc'>4714)</span> <span class='ocrx_word' id='word_1_466' title='bbox 1439 4469 1529 4535; x_wconf 88' lang='lat' dir='ltr'>quibas</span> 
     </span>
     <span class='ocr_line' id='line_1_41' title="bbox 183 4555 1529 4621; baseline -0.002 -14"><span class='ocrx_word' id='word_1_467' title='bbox 183 4558 297 4610; x_wconf 90' lang='lat' dir='ltr'>omnibns</span> <span class='ocrx_word' id='word_1_468' title='bbox 321 4560 386 4610; x_wconf 86' lang='lat' dir='ltr'>locis</span> <span class='ocrx_word' id='word_1_469' title='bbox 409 4567 483 4610; x_wconf 85' lang='lat' dir='ltr'>extra</span> <span class='ocrx_word' id='word_1_470' title='bbox 506 4559 606 4609; x_wconf 86' lang='lat' dir='ltr'>dubium</span> <span class='ocrx_word' id='word_1_471' title='bbox 630 4566 670 4610; x_wconf 85' lang='lat' dir='ltr'>est</span> <span class='ocrx_word' id='word_1_472' title='bbox 691 4557 806 4621; x_wconf 76' lang='lat' dir='ltr'>intellegi</span> <span class='ocrx_word' id='word_1_473' title='bbox 829 4558 955 4608; x_wconf 87' lang='lat' dir='ltr'>consulem</span> <span class='ocrx_word' id='word_1_474' title='bbox 974 4575 996 4608; x_wconf 83' lang='lat' dir='ltr'>a.</span> <span class='ocrx_word' id='word_1_475' title='bbox 1012 4559 1068 4608; x_wconf 90' lang='grc'>740.</span> <span class='ocrx_word' id='word_1_476' title='bbox 1104 4557 1191 4609; x_wconf 85' lang='lat' dir='ltr'>Eidem</span> <span class='ocrx_word' id='word_1_477' title='bbox 1216 4557 1274 4606; x_wconf 88' lang='lat' dir='ltr'>item</span> <span class='ocrx_word' id='word_1_478' title='bbox 1292 4555 1452 4606; x_wconf 84' lang='lat' dir='ltr'>attribuenda</span> <span class='ocrx_word' id='word_1_479' title='bbox 1470 4563 1529 4605; x_wconf 87' lang='lat' dir='ltr'>sant</span> 
     </span>
     <span class='ocr_line' id='line_1_42' title="bbox 182 4641 1529 4709; baseline -0.001 -16"><span class='ocrx_word' id='word_1_480' title='bbox 182 4657 246 4709; x_wconf 83' lang='lat' dir='ltr'>qaae</span> <span class='ocrx_word' id='word_1_481' title='bbox 264 4645 294 4694; x_wconf 86' lang='lat' dir='ltr'>de</span> <span class='ocrx_word' id='word_1_482' title='bbox 311 4643 355 4694; x_wconf 86' lang='lat' dir='ltr'>Cu.</span> <span class='ocrx_word' id='word_1_483' title='bbox 369 4642 475 4695; x_wconf 84' lang='lat' dir='ltr'>Lentulo</span> <span class='ocrx_word' id='word_1_484' title='bbox 487 4643 593 4695; x_wconf 81' lang='lat' dir='ltr'>Tacitus</span> <span class='ocrx_word' id='word_1_485' title='bbox 612 4651 698 4694; x_wconf 80' lang='lat' dir='ltr'>narrat</span> <span class='ocrx_word' id='word_1_486' title='bbox 718 4647 740 4708; x_wconf 96' lang='grc'>1,</span> <span class='ocrx_word' id='word_1_487' title='bbox 753 4645 793 4695; x_wconf 81' lang='lat' dir='ltr'>tt.</span> <span class='ocrx_word' id='word_1_488' title='bbox 806 4645 830 4708; x_wconf 93' lang='grc'>2,</span> <span class='ocrx_word' id='word_1_489' title='bbox 844 4645 884 4694; x_wconf 87' lang='grc'>32.</span> <span class='ocrx_word' id='word_1_490' title='bbox 903 4645 928 4705; x_wconf 85' lang='grc'>3,</span> <span class='ocrx_word' id='word_1_491' title='bbox 940 4644 982 4694; x_wconf 83' lang='grc'>08.</span> <span class='ocrx_word' id='word_1_492' title='bbox 995 4645 1019 4706; x_wconf 90' lang='grc'>4,</span> <span class='ocrx_word' id='word_1_493' title='bbox 1032 4645 1072 4694; x_wconf 88' lang='grc'>29.</span> <span class='ocrx_word' id='word_1_494' title='bbox 1086 4643 1126 4694; x_wconf 91' lang='grc'>44.</span> <span class='ocrx_word' id='word_1_495' title='bbox 1157 4643 1219 4694; x_wconf 84' lang='lat' dir='ltr'>Nam</span> <span class='ocrx_word' id='word_1_496' title='bbox 1243 4649 1312 4693; x_wconf 85' lang='lat' dir='ltr'>reete</span> <span class='ocrx_word' id='word_1_497' title='bbox 1336 4657 1414 4707; x_wconf 89' lang='lat' dir='ltr'>anper</span> <span class='ocrx_word' id='word_1_498' title='bbox 1431 4641 1529 4692; x_wconf 88' lang='lat' dir='ltr'>monuit</span> 
     </span>
     <span class='ocr_line' id='line_1_43' title="bbox 183 4727 1528 4797; baseline -0.003 -16"><span class='ocrx_word' id='word_1_499' title='bbox 183 4729 313 4782; x_wconf 82' lang='lat' dir='ltr'>Guetavne</span> <span class='ocrx_word' id='word_1_500' title='bbox 331 4729 421 4797; x_wconf 89' lang='lat' dir='ltr'>Zippel</span> <span class='ocrx_word' id='word_1_501' title='bbox 440 4729 491 4796; x_wconf 85' lang='lat' dir='ltr'>(die</span> <span class='ocrx_word' id='word_1_502' title='bbox 508 4728 610 4796; x_wconf 68' lang='grc' dir='ltr'><strong><em>Ιιοιυυς</em></strong></span> <span class='ocrx_word' id='word_1_503' title='bbox 632 4729 678 4782; x_wconf 82' lang='lat' dir='ltr'>der</span> <span class='ocrx_word' id='word_1_504' title='bbox 695 4731 901 4782; x_wconf 76' lang='lat' dir='ltr'>donaulan&#39;acben</span> <span class='ocrx_word' id='word_1_505' title='bbox 919 4729 1088 4782; x_wconf 80' lang='lat' dir='ltr'>Prokoasulu.</span> <span class='ocrx_word' id='word_1_506' title='bbox 1110 4727 1270 4796; x_wconf 71' lang='lat' dir='ltr'>Kduigeberg</span> <span class='ocrx_word' id='word_1_507' title='bbox 1290 4727 1361 4781; x_wconf 76' lang='grc'>1803.</span> <span class='ocrx_word' id='word_1_508' title='bbox 1386 4744 1408 4795; x_wconf 94' lang='lat' dir='ltr'>p.</span> <span class='ocrx_word' id='word_1_509' title='bbox 1421 4731 1448 4794; x_wconf 87' lang='grc'>9)</span> <span class='ocrx_word' id='word_1_510' title='bbox 1465 4743 1528 4793; x_wconf 83' lang='lat' dir='ltr'>qnae</span> 
     </span>
     <span class='ocr_line' id='line_1_44' title="bbox 182 4814 1529 4884; baseline -0.003 -15"><span class='ocrx_word' id='word_1_511' title='bbox 182 4818 213 4869; x_wconf 89' lang='lat' dir='ltr'>dc</span> <span class='ocrx_word' id='word_1_512' title='bbox 230 4831 324 4881; x_wconf 71' lang='lat' dir='ltr'>augure</span> <span class='ocrx_word' id='word_1_513' title='bbox 337 4817 446 4868; x_wconf 87' lang='lat' dir='ltr'>Lentulo</span> <span class='ocrx_word' id='word_1_514' title='bbox 464 4819 494 4868; x_wconf 89' lang='lat' dir='ltr'>ad</span> <span class='ocrx_word' id='word_1_515' title='bbox 514 4834 534 4868; x_wconf 85' lang='lat' dir='ltr'>a.</span> <span class='ocrx_word' id='word_1_516' title='bbox 549 4833 571 4884; x_wconf 93' lang='lat' dir='ltr'>p.</span> <span class='ocrx_word' id='word_1_517' title='bbox 586 4817 613 4868; x_wconf 88' lang='lat' dir='ltr'>C.</span> <span class='ocrx_word' id='word_1_518' title='bbox 627 4817 659 4868; x_wconf 88' lang='grc'>22</span> <span class='ocrx_word' id='word_1_519' title='bbox 672 4817 775 4869; x_wconf 82' lang='lat' dir='ltr'>&#39;l&#39;acitne</span> <span class='ocrx_word' id='word_1_520' title='bbox 794 4817 818 4883; x_wconf 85' lang='grc'>3,</span> <span class='ocrx_word' id='word_1_521' title='bbox 837 4818 867 4867; x_wconf 88' lang='grc'>52</span> <span class='ocrx_word' id='word_1_522' title='bbox 887 4814 977 4880; x_wconf 86' lang='lat' dir='ltr'>rolert,</span> <span class='ocrx_word' id='word_1_523' title='bbox 994 4817 1063 4866; x_wconf 89' lang='lat' dir='ltr'>nullo</span> <span class='ocrx_word' id='word_1_524' title='bbox 1077 4817 1149 4867; x_wconf 87' lang='lat' dir='ltr'>modu</span> <span class='ocrx_word' id='word_1_525' title='bbox 1161 4815 1298 4868; x_wconf 85' lang='lat' dir='ltr'>dissociari</span> <span class='ocrx_word' id='word_1_526' title='bbox 1316 4830 1389 4882; x_wconf 82' lang='lat' dir='ltr'>posse</span> <span class='ocrx_word' id='word_1_527' title='bbox 1407 4831 1422 4866; x_wconf 84' lang='lat' dir='ltr'>a</span> <span class='ocrx_word' id='word_1_528' title='bbox 1441 4830 1529 4866; x_wconf 81' lang='lat' dir='ltr'>nerra-</span> 
     </span>
    </p>
   </div>
   <div class='ocr_carea' id='block_1_4' title="bbox 1332 4901 1370 4956">
    <p class='ocr_par' dir='ltr' id='par_1_4' title="bbox 1332 4901 1370 4956">
     <span class='ocr_line' id='line_1_45' title="bbox 1332 4901 1370 4956; baseline 0 -22"><span class='ocrx_word' id='word_1_529' title='bbox 1332 4901 1370 4956; x_wconf 70' lang='grc'>9*</span> 
     </span>
    </p>
   </div>
   <div class='ocr_carea' id='block_1_5' title="bbox 0 0 1838 5444">
    <p class='ocr_par' dir='ltr' id='par_1_5' title="bbox 0 0 1838 5444">
     <span class='ocr_line' id='line_1_46' title="bbox 0 0 1838 5444; baseline 0 0"><span class='ocrx_word' id='word_1_530' title='bbox 0 0 1838 5444; x_wconf 95' lang='lat' dir='ltr'> </span> 
     </span>
    </p>
   </div>
  </div>
 </body>
</html>
