3730 5434
330 357 372 420 26
928 353 951 422 I,
970 357 1074 411 tte-35

330 533 510 609 universum,
543 553 719 616 quemquam
747 542 777 597 et
803 535 865 617 ipse
887 535 1074 618 potissimum
1096 539 1202 599 famem
1224 554 1250 597 a.
1267 535 1328 598 759
1349 535 1479 616 respicit,
1509 535 1668 598 Suetonius

328 638 401 718 Aug.
416 640 471 700 41:
493 641 671 720 frumentum
693 656 801 721 quoque
822 643 852 700 in
875 657 1007 702 annonae
1030 641 1243 721 disfiardotidrrs
1263 657 1343 720 sume
1358 639 1502 712 bassino,
1525 641 1669 703 interdum

327 741 408 804 nullo
432 747 524 822 pretio
552 746 659 805 modim
687 743 836 805 odeum
857 754 897 805 est
917 755 1087 823 tesserasque
1109 745 1285 806 commorior
1305 742 1466 822 duplicauit.
1509 741 1582 804 Nam
1604 746 1669 804 fru-

328 854 459 907 mentum
493 846 641 927 publicum
675 847 734 908 sive
767 847 824 908 lixo
856 847 949 926 pretio
980 846 1056 928 plebi
1083 845 1310 908 distribuebatur
1339 845 1398 907 sive
1420 845 1500 908 nullo
1526 847 1569 927 (id
1591 849 1668 928 quod

328 966 428 1010 verum
452 967 516 1010 esse
540 959 606 1029 post
627 949 698 1010 elios
720 948 819 1011 docuit
840 949 909 1011 Otto
933 949 1094 1011 Hirschfeld
1117 945 1256 1029 Philologi
1279 968 1304 1010 a.
1329 948 1409 1011 1870
1431 969 1459 1031 p.
1485 949 1532 1022 13,
1554 969 1668 1014 errores

326 1070 342 1112 a
371 1069 417 1112 rue
446 1051 599 1132 aliquando
626 1053 801 1114 commissos
827 1061 905 1115 recte
932 1054 1117 1132 emendans),
1144 1071 1275 1115 annonae
1297 1051 1450 1114 difficultas
1471 1071 1531 1114 non
1554 1055 1667 1136 plebem

293 1189 295 1194 ·
327 1167 425 1234 gravat
447 1173 520 1235 quae
542 1157 723 1217 frumentum
747 1156 859 1238 accipit,
881 1157 931 1218 sed
954 1175 1016 1218 rem
1039 1155 1192 1237 publicam.
1235 1155 1338 1235 Agitur
1364 1155 1452 1233 igitur
1473 1155 1519 1217 his
1541 1156 1611 1218 locis
1633 1158 1668 1218 de

326 1277 456 1321 annonae
484 1258 602 1321 caritate
631 1259 669 1320 ita
700 1259 862 1328 sublevata,
894 1269 925 1320 ut
952 1262 1133 1321 frumentum
1157 1258 1250 1339 pretio
1271 1258 1349 1320 iusto
1371 1257 1477 1319 leviore
1498 1277 1534 1319 ex
1556 1259 1667 1321 horreis

325 1361 464 1443 principis
486 1362 515 1422 in
539 1361 610 1424 urbe
633 1363 788 1424 emendum
811 1371 1031 1442 proponeretur,
1054 1362 1198 1424 interdum
1221 1361 1293 1422 adeo
1314 1361 1350 1422 ab
1372 1361 1579 1442 recipientibus
1601 1379 1668 1443 pre-

325 1465 398 1526 tium
430 1466 543 1528 nullum
571 1468 743 1546 erigeretur.
786 1464 859 1526 Nam
885 1465 915 1526 in
938 1469 1118 1528 frumentum
1141 1464 1298 1545 gratuitum
1321 1464 1375 1526 etsi
1397 1463 1507 1526 civibus
1529 1463 1667 1528 Romanis

325 1567 445 1630 urbanis
467 1568 501 1629 ad
524 1585 634 1629 annum
657 1587 749 1648 usque
772 1567 833 1629 tet
855 1569 902 1631 ius
923 1571 980 1631 fuit
1002 1570 1138 1632 omnibus
1160 1567 1287 1650 exceptis
1306 1567 1488 1630 senatoribus
1503 1567 1666 1648 equitibus-

326 1689 382 1751 que
408 1671 558 1743 Romanis
591 1681 658 1754 post
688 1690 755 1732 eum
780 1690 891 1734 annum
915 1673 989 1753 parti
1011 1691 1112 1734 eorum
1135 1674 1218 1753 longe
1241 1671 1392 1744 maximae,
1415 1689 1450 1732 eo
1472 1671 1534 1733 solo
1555 1690 1667 1752 nequa·

325 1792 413 1855 quam
436 1792 568 1836 annonae
590 1777 660 1836 satis
682 1775 831 1856 provisum
854 1785 925 1838 erat.
969 1774 1008 1837 Ut
1029 1777 1142 1839 mittam
1172 1775 1202 1836 iu
1229 1793 1261 1836 ea
1284 1793 1315 1835 re
1336 1773 1423 1836 etiarn
1446 1773 1666 1854 peregrinorum

324 1877 354 1938 in
383 1877 455 1939 urbe
485 1877 651 1958 degentium
681 1880 809 1959 adeoque
837 1897 988 1941 servorum
1018 1879 1179 1940 necessario
1206 1878 1349 1941 rationem
1379 1877 1540 1940 habendam
1567 1878 1666 1952 fuisse,

324 1981 567 2044 frumentationes
589 1981 687 2043 civiles
708 2001 767 2044 non
793 1982 834 2043 ita
861 1991 1043 2064 comparatae
1064 1991 1160 2055 erant,
1188 1991 1220 2042 ut
1241 1981 1277 2042 iis
1300 1980 1369 2043 solis
1391 1981 1497 2043 domus
1519 1991 1667 2044 sustenta-

324 2093 442 2158 rentur,
472 2086 522 2146 sed
552 2085 704 2165 plerasque
730 2104 829 2146 earum
852 2095 972 2167 propter
992 2085 1098 2148 liberos
1121 2103 1328 2165 servorumque
1350 2084 1472 2146 familias
1494 2084 1530 2148 ab
1551 2103 1666 2148 annona

325 2188 495 2270 pependisse
517 2206 616 2250 rerum
640 2189 779 2250 memoria
801 2189 963 2250 luculenter
984 2187 1118 2250 ostendit.
1149 2185 1202 2249 Cui
1218 2187 1426 2267 ingravescenti
1441 2189 1588 2268 quomodo
1602 2190 1667 2269 opi·

326 2292 408 2355 tulati
436 2292 495 2354 sint
520 2291 683 2373 principes,
717 2291 898 2372 aliquatenus
925 2311 960 2353 ex
982 2310 1069 2374 supra
1091 2290 1193 2352 adlatis
1216 2289 1286 2352 locis
1306 2299 1440 2372 apparet,
1473 2291 1580 2371 quibus
1601 2292 1666 2354 addi

325 2403 421 2476 potest
442 2394 520 2474 quod
542 2395 629 2457 babet
651 2394 704 2456 nio
720 2394 769 2468 53,
792 2395 812 2455 2
833 2395 868 2457 ad
891 2415 915 2456 a.
933 2394 1012 2457 726:
1035 2394 1078 2477 τῷ
1101 2389 1227 2476 πλήθει
1243 2390 1486 2474 τετραπλάσιον
1500 2391 1558 2457 τὸν
1572 2403 1666 2457 σῖτον

325 2496 441 2579 ἔνειμε,
463 2515 531 2559 nam
554 2497 582 2560 id
606 2501 785 2560 frumentum
809 2498 834 2559 si
857 2499 945 2578 gratis
967 2498 1091 2560 divisum
1115 2505 1201 2570 esset,
1225 2497 1289 2558 sine
1310 2495 1399 2557 dubio
1421 2496 1570 2576 Augustus
1592 2495 1667 2558 inter

323 2600 510 2664 liberalitates
532 2619 591 2662 non
614 2601 769 2664 omisisset.
815 2601 873 2663 Nec
896 2601 965 2664 mibi
989 2599 1103 2662 videtur
1124 2598 1238 2661 defendi
1260 2617 1361 2680 posse,
1394 2599 1472 2679 quod
1503 2609 1571 2680 post
1596 2599 1666 2662 alios

325 2705 454 2767 defendit
476 2704 686 2766 Hirschfeldius
707 2706 726 2765 l.
749 2723 784 2776 e.,
808 2712 932 2767 tesseras
954 2703 1133 2767 nummarias
1156 2721 1216 2765 uno
1238 2702 1301 2764 loco
1323 2719 1411 2782 supra
1433 2701 1520 2764 citato
1534 2703 1666 2766 inventas

325 2808 395 2888 (iem
417 2807 494 2869 enim
519 2807 651 2886 explosae
679 2815 750 2868 sunt
770 2808 886 2888 Bergbii
911 2826 1003 2887 nugae
1032 2807 1217 2879 artificiosae,
1247 2804 1354 2885 quibus
1382 2813 1505 2866 tesseras
1528 2824 1577 2867 eas
1598 2805 1668 2868 buic

324 2910 412 2973 indici
434 2911 462 2984 3,
487 2911 526 2972 to
550 2910 623 2970 male
645 2910 776 2986 intrusit)
799 2911 876 2992 ipsas
898 2929 961 2972 esse
983 2910 1188 2973 frumentarias
1204 2929 1288 2990 saepe
1308 2918 1493 2980 memoratas,
1515 2909 1565 2970 sed
1587 2909 1666 2989 quod

324 3032 432 3076 nomen
460 3013 568 3074 indicat
594 3031 641 3074 res
667 3031 784 3093 quoque
813 3013 929 3094 flagitat,
956 3017 1137 3076 frumentum
1161 3021 1305 3094 quatenus
1327 3011 1416 3093 gratis
1438 3011 1666 3086 ministrabatur,

324 3116 448 3180 divisum
472 3135 535 3178 esse
556 3117 632 3178 datis
655 3117 772 3178 tesseris
794 3117 1007 3191 frumentariis,
1030 3127 1174 3197 quatenus
1197 3114 1313 3177 venibat
1333 3115 1439 3176 leviore
1462 3115 1571 3196 pretio,
1594 3115 1667 3178 datis

323 3218 506 3282 nummariis.
552 3219 666 3281 Scilicet
687 3221 738 3300 qui
760 3219 848 3282 rebus
869 3229 1000 3301 praeerat
1021 3237 1088 3281 cum
1116 3217 1331 3292 constituisset,
1361 3228 1504 3299 quantum
1527 3219 1666 3281 frumenti

323 3341 382 3402 quo
404 3321 497 3403 pretio
519 3321 557 3383 ita
579 3324 755 3385 venumdare
777 3323 910 3404 placeret,
933 3320 1117 3385 admissionis
1139 3323 1173 3384 ad
1193 3322 1269 3384 banc
1282 3320 1483 3383 liberalitatem
1502 3329 1532 3384 et
1547 3340 1667 3385 mensu·

323 3444 371 3486 rae
403 3425 496 3486 officia
528 3423 651 3487 discreta
679 3425 769 3488 fuisse
796 3435 928 3506 apparet,
963 3433 997 3486 ut
1023 3425 1074 3504 qui
1100 3423 1179 3486 illam
1206 3431 1376 3506 expeterent
1402 3432 1519 3506 recepto
1546 3424 1666 3486 nomine

323 3538 353 3591 et
367 3529 460 3610 pretio
476 3527 580 3601 soluto,
594 3529 741 3590 interdum
757 3527 843 3590 etiam
860 3527 982 3589 remisso
998 3535 1137 3589 tesseram
1153 3527 1318 3609 acciperent
1332 3535 1425 3606 etper
1435 3545 1499 3588 eam
1511 3546 1546 3589 ex
1556 3527 1668 3590 horreis

322 3636 514 3694 frumentum.
545 3629 607 3691 Hoc
626 3630 665 3691 ita
680 3632 788 3692 factum
805 3649 877 3704 esse,
893 3639 926 3691 ut
941 3630 1062 3709 singulis
1077 3631 1163 3693 annis
1177 3632 1276 3693 eadem
1291 3633 1352 3691 fere
1365 3630 1506 3692 frumenti
1521 3631 1668 3710 quantitas

322 3735 425 3798 eodem
452 3735 546 3816 pretio
574 3735 699 3808 veniret,
729 3742 759 3794 et
787 3752 839 3814 per
869 3753 899 3794 se
929 3733 1071 3796 rationem
1102 3734 1188 3796 habet
1214 3743 1245 3794 et
1264 3751 1299 3794 eo
1321 3731 1557 3808 commendatur,
1589 3732 1667 3813 quod

322 3837 352 3897 in
377 3837 494 3898 tributis
517 3837 551 3898 de
574 3855 628 3898 suo
644 3835 789 3899 solvendis
804 3838 952 3917 Augustus
970 3837 1093 3899 similem
1110 3837 1253 3899 rationem
1269 3845 1387 3898 secutus
1401 3843 1447 3898 est
1463 3841 1501 3912 tv.
1518 3835 1553 3898 ad
1568 3835 1597 3909 3,
1613 3835 1667 3915 40)

323 3949 352 4002 et
373 3939 441 4003 inde
462 3939 614 4021 colligitur,
638 3940 715 4021 quod
738 3951 818 4002 extra
839 3941 981 4014 ordinem,
1005 3939 1064 4002 sive
1087 3939 1268 4002 necessitatis
1287 3957 1372 4000 eausa
1388 3939 1448 4000 sive
1470 3939 1507 4000 ob
1522 3939 1666 4020 publicam

321 4044 470 4116 laetitiam,
501 4053 628 4106 tesserae
662 4045 843 4107 nummariae
875 4045 1060 4126 duplicantur
1089 4045 1132 4105 vel
1155 4043 1423 4124 quadruplicantur.
1468 4041 1530 4105 lloc
1553 4051 1665 4105 tantum

322 4148 441 4238 nomine
470 4148 711 4210 frumentationes
738 4149 880 4228 gratuitae
909 4158 938 4211 et
965 4147 1106 4209 frumenti
1136 4147 1261 4209 venditio
1289 4147 1376 4207 modo
1398 4145 1474 4207 dicta
1496 4145 1667 4208 coniunctae

312 4237 455 4324 fuerunt,
482 4251 559 4331 quod
589 4261 747 4330 utrumque
769 4253 918 4333 negotium
942 4251 1046 4314 Caesar
1071 4271 1124 4333 per
1149 4251 1266 4314 eosdem
1290 4249 1419 4330 perfecit,
1441 4249 1470 4310 id
1493 4249 1571 4329 quod
1593 4250 1668 4310 clare

322 4353 455 4415 enuntiat
474 4352 528 4416 Dio
557 4355 652 4418 verbis
680 4373 766 4434 supra
794 4355 903 4428 citatis,
931 4354 980 4416 sed
1008 4356 1095 4417 etiam
1123 4353 1229 4416 elarius
1257 4371 1290 4414 ex
1318 4353 1453 4414 universa
1475 4371 1573 4414 rerum
1596 4369 1668 4412 oon-

321 4457 434 4519 dieione
461 4457 646 4538 intellegitur.
689 4459 763 4521 Nam
792 4477 878 4521 curae
906 4477 1038 4520 annonae
1066 4456 1129 4518 sine
1156 4456 1246 4517 dubio
1272 4474 1339 4536 pars
1360 4455 1496 4517 facillima
1518 4457 1666 4534 negotium

321 4561 378 4623 fuit
411 4570 505 4622 certae
537 4561 708 4641 quantitatis
736 4563 874 4624 frumenti
905 4561 991 4624 certis
1020 4559 1188 4623 hominibus
1216 4559 1305 4640 gratis
1332 4559 1612 4633 subministrandum
1639 4566 1669 4620 at

321 4674 355 4726 ut
383 4665 501 4744 reliquis
527 4683 649 4745 magnae
679 4665 760 4728 urbia
790 4665 893 4727 ineolis
920 4667 1100 4727 frumentum
1124 4681 1241 4745 semper
1262 4672 1431 4743 suppeteret
1451 4662 1527 4725 iusta
1549 4661 1667 4742 quanli

321 4777 380 4830 tate
409 4775 439 4830 et
461 4769 537 4831 iusto
559 4769 667 4850 pretio,
698 4787 730 4830 ea
752 4770 873 4831 deorum
896 4787 965 4832 eura
986 4768 1043 4829 iam
1066 4767 1205 4850 principis
1227 4769 1302 4829 facte
1325 4785 1412 4848 supra
1433 4765 1584 4829 bominem
1605 4773 1667 4827 erat
