3656 5434
334 382 396 444 146
919 375 967 442 VI,
989 377 1091 432 13-23

330 558 400 620 Paci
421 557 510 621 stanti
533 556 645 619 taedam
670 555 793 637 pedibus
817 556 939 619 calcanti
961 565 991 619 et
1012 557 1130 619 sinistra
1153 555 1265 619 tenenti
1287 557 1462 631 caducenm3
1485 557 1581 618 adstat
1601 557 1687 620 solita
1788 589 1789 604 τ

320 662 360 723 'in
383 662 429 723 bis
452 661 583 723 nummis
605 658 678 721 cista
700 678 768 721 cum
791 667 934 740 serpente.
979 660 1111 738 Elegium
1136 659 1242 722 Turiae
1265 660 1308 735 (C.
1324 661 1346 721 l.
1363 660 1395 720 L.
1411 659 1457 733 vt,
1475 659 1570 740 1527)
1593 661 1687 741 scn'p-
1788 655 1789 660 ’

330 772 393 826 tum
416 783 441 826 c.
457 783 483 825 a.
500 763 586 825 7501
613 761 671 824 25:
698 773 800 844 pacato
834 765 1081 843 moecenatem,
1110 769 1240 828 restituta
1268 764 1449 845 republica.
1493 763 1624 844 Hyginus
1650 765 1687 825 de
1788 777 1789 844 u

268 899 273 909 ·
328 867 414 929 limit.
429 887 458 948 p.
477 868 535 927 177
553 867 686 929 boehm:
710 868 793 930 dicus
808 867 950 949 daqustus
971 869 1139 950 [postquam]
1154 869 1312 948 adeiquaoo‘t
1335 868 1398 930 orbi
1418 879 1563 930 terrarum
1575 885 1684 948 pacem,

328 971 432 1034 milites
453 971 565 1034 colonos
585 973 660 1052 fecit.
699 971 778 1033 Fasti
799 972 900 1033 Praen.
916 971 951 1032 ad
971 970 1031 1032 lan.
1049 969 1414 1051 13(c.1.t.1p.384):
1437 989 1546 1034 caroea
1567 971 1686 1052 quenda
1788 959 1789 994 ³

327 1079 373 1137 uti
392 1093 477 1155 super
498 1079 616 1136 τάαααπι
639 1075 740 1136 domus
761 1078 829 1155 imp.
847 1073 987 1152 Caesaris]
1004 1076 1124 1154 laqueti
1132 1077 1300 1154 possedetur
1320 1084 1436 1136 senators
1457 1075 1588 1146 decreuit,
1608 1075 1684 1155 quod

327 1197 388 1240 rem
407 1177 561 1258 publicam}
581 1196 612 1258 p.
629 1177 663 1238 ll.
678 1179 849 1256 restldtudtl.
880 1177 1001 1239 Ovidius
1023 1181 1090 1238 last.
1108 1179 1135 1252 1,
1153 1177 1213 1240 589
1229 1178 1300 1239 item
1316 1178 1352 1239 ad
1366 1177 1426 1239 lan.
1444 1177 1498 1238 13:
1519 1178 1684 1258 redditoque

328 1292 368 1343 est
391 1284 482 1342 omnis
500 1279 606 1361 populo
625 1284 775 1361 prouincia
796 1290 893 1342 mostra
914 1292 942 1344 et
963 1291 1030 1342 tuus
1051 1282 1175 1363 Anqusto
1196 1285 1310 1342 uomicae
1331 1281 1421 1343 dictus
1442 1301 1521 1343 uuus.
1558 1281 1683 1342 Velleius
1788 1321 1789 1375 q

327 1384 357 1458 2,
374 1384 430 1445 89:
460 1382 555 1445 Finita
576 1387 704 1445 meesimo
727 1403 804 1445 auno
828 1382 900 1445 bella
923 1383 1017 1445 simlia
1040 1383 1247 1466 1705-724),
1270 1385 1381 1465 sepulta
1401 1393 1530 1456 esterno,
1551 1395 1684 1446 reuocato

326 1508 410 1569 pac.
429 1535 436 1549 .
454 1533 461 1548 .
477 1491 607 1549 restituta
628 1491 672 1548 uis
694 1486 815 1566 leqo'bus,
836 1488 948 1549 indiciis
969 1491 1132 1560 auctoritas,
1154 1493 1266 1552 sumlui
1285 1492 1426 1560 modestas,
1447 1491 1598 1567 dispersum
1618 1507 1684 1548 ma-

327 1597 502 1673 qistrotuum
522 1591 560 1653 od
577 1594 733 1670 pm'stiuum
753 1591 901 1654 reductum
923 1593 1037 1654 modum
1054 1637 1060 1651 .
1078 1637 1085 1652 .
1102 1637 1109 1652 .
1125 1638 1132 1653 .
1146 1596 1243 1672 prisco
1264 1593 1316 1655 illa
1337 1603 1364 1654 et
1386 1593 1504 1672 amiqua
1524 1595 1570 1652 rei
1585 1591 1683 1671 publi-

329 1717 378 1759 aoe
399 1697 498 1777 [ormo
519 1703 660 1756 reuocata.
704 1693 747 1755 tt.
764 1692 824 1754 Lir.
840 1692 908 1775 epit.
926 1693 1003 1767 134;
1031 1695 1193 1757 Cassiodor.
1209 1697 1270 1756 cbr.
1286 1695 1322 1756 ad
1337 1713 1363 1757 a.
1380 1695 1451 1756 727.
1495 1692 1581 1754 Vides
1602 1702 1682 1755 aeta-

328 1800 365 1861 tis
388 1798 536 1878 Augustae
563 1804 697 1858 auctores
720 1795 868 1857 Romanos
891 1797 975 1877 plane
1003 1806 1037 1860 ut
1058 1799 1127 1860 lacit
1148 1797 1210 1879 ipse
1232 1799 1382 1878 Angustus
1404 1816 1467 1859 rem
1490 1796 1530 1858 ita
1553 1815 1679 1872 numere,

327 1902 411 1983 qnasi
437 1920 504 1962 vere
534 1910 597 1962 tum
625 1918 689 1960 rem
716 1898 862 1980 publicam
887 1901 1058 1975 reddiderit3
1087 1902 1167 1964 solus
1196 1902 1320 1976 Strabo,
1351 1901 1458 1982 quippe
1485 1900 1537 1981 qui
1565 1902 1680 1962 Graecis

328 2005 454 2066 mamma
482 2001 638 2076 scriberet,
667 2002 788 2064 liberius
815 2003 856 2064 sic
879 2005 1013 2066 enuntiat
1033 2023 1093 2066 non
1124 2023 1224 2067 rerum
1254 2004 1398 2085 speciem,
1426 2003 1478 2065 sed
1500 2003 1593 2084 ipsam
1616 2022 1678 2065 rem

328 2109 395 2189 (17,
417 2107 450 2181 3,
470 2107 510 2168 25
531 2126 559 2188 p.
577 2105 665 2185 840):
698 2099 716 2188 ἡ
740 2105 858 2188 πατρὶς
887 2104 1069 2189 ἐπέτρεψεν
1095 2101 1182 2191 αὐτῷ
1206 2106 1364 2188 (Augusto)
1391 2105 1450 2189 τὴν
1473 2109 1680 2188 προστασίαν

326 2231 381 2291 της
403 2203 579 2294 ἡγεμονίας
601 2208 658 2270 καὶ
681 2205 829 2290 πολέμου
852 2208 907 2270 καὶ
930 2203 1059 2294 εἰρήνης
1081 2211 1218 2292 κατέστη
1242 2209 1352 2293 κύριος
1375 2208 1434 2272 διὰ
1453 2210 1541 2290 βίον.
1577 2209 1678 2289 Atqui

325 2320 425 2394 postea
453 2312 648 2393 scripserunt,
678 2319 793 2392 praeter
815 2312 963 2386 Tacitum,
993 2314 1028 2376 de
1054 2333 1113 2394 qua
1138 2313 1214 2375 inira
1242 2313 1421 2387 videbimus,
1450 2321 1564 2375 tantum
1588 2312 1677 2385 abest,
1788 2299 1789 2370 Ὗ

324 2425 359 2479 ut
379 2415 416 2478 ab
437 2435 472 2478 eo
494 2435 570 2478 anno
591 2415 756 2478 libertatem
779 2416 880 2497 populi
894 2415 1019 2478 Romani
1041 2418 1137 2479 denuo
1160 2416 1290 2497 caepisse
1313 2425 1452 2491 statuant,
1475 2425 1509 2479 ut
1530 2416 1598 2478 inde
1613 2436 1678 2496 reg-

324 2538 396 2581 num
420 2529 600 2600 computent.
633 2516 688 2584 Ἐκ
709 2516 839 2594 τούτου,
862 2519 915 2582 Dio
936 2521 976 2582 ait
998 2520 1122 2601 (521),
1144 2522 1388 2603 μοναρχεῖσθαι
1413 2513 1515 2592 αὖθις
1538 2516 1678 2602 ἀκριβῶς

324 2619 474 2704 ἤρξαντο.
519 2623 676 2686 Suetonius
699 2624 784 2703 (Aug.
800 2622 868 2701 28):
892 2623 925 2686 de
945 2625 1092 2686 reddendo
1113 2642 1145 2686 re
1162 2622 1293 2704 publica,
1316 2621 1426 2702 inquit,
1450 2626 1580 2702 coqs'tauit
1597 2669 1604 2683 .
1621 2669 1628 2684 .
1645 2668 1676 2682 ..

320 2736 385 2807 post
407 2744 571 2806 oppressum
592 2732 687 2790 statim
708 2728 878 2802 Antonium,
898 2747 1008 2790 memor
1030 2729 1165 2791 obiectam
1185 2728 1240 2788 sibi
1260 2727 1295 2788 ab
1318 2745 1350 2788 eo
1372 2729 1497 2806 saepem,
1525 2731 1609 2807 quasi
1624 2745 1678 2806 par

322 2831 415 2908 o'psum
441 2839 528 2891 staret
555 2849 591 2892 ae
615 2830 806 2893 redderetur.
824 2875 831 2890 .
848 2832 918 2892 .sed
945 2843 1083 2912 reputans
1111 2841 1137 2892 et
1165 2849 1194 2894 se
1217 2833 1364 2910 pm'oatum
1385 2847 1443 2891 nou
1464 2833 1527 2891 siue
1553 2829 1676 2909 peracuto

321 2934 387 3012 sore
409 2943 434 2994 et
455 2933 538 2995 illam
555 2933 686 3014 plurium
708 2934 827 2996 arbitrio
857 2944 957 2996 temere
979 2937 1128 3005 committi,
1158 2938 1188 2994 ἐπ
1208 2931 1358 2994 reddendo
1375 2937 1578 3012 perseuerauit.
1622 2932 1675 2993 Ubi
1788 2943 1789 2950 ¹

323 3035 448 3114 scriptor
469 3037 639 3118 ceteroquin
662 3037 794 3118 diligens,
817 3038 867 3098 sed
890 3037 920 3098 in
944 3037 1076 3100 minimis
1091 3039 1226 3110 maxime,
1249 3035 1280 3096 in
1303 3045 1595 3117 utramquepartem
1611 3055 1675 3116 gra-
1788 3035 1789 3068 ³

322 3137 397 3198 viter
418 3149 531 3219 peccat:
558 3159 626 3202 nam
655 3141 691 3202 de
720 3140 782 3220 ipsa
805 3141 833 3201 vi
860 3148 890 3202 et
911 3148 1055 3221 potestate
1078 3139 1193 3221 imperii
1216 3138 1387 3220 deponenda
1410 3139 1575 3200 Caesarne
1597 3139 1675 3218 eogi-
1788 3145 1789 3162 ¹

323 3239 395 3301 tavit
422 3240 558 3320 quidem,
586 3244 622 3305 de
651 3243 796 3305 reddenda
827 3243 1054 3306 extraordinaria
1081 3251 1225 3324 potestate
1247 3261 1307 3304 non
1330 3243 1426 3304 solum
1448 3243 1598 3322 cogitarit,
1626 3242 1675 3304 sed

322 3363 385 3404 eam
416 3362 483 3406 uere
511 3348 619 3427 populo
645 3347 787 3423 reddidit,
815 3356 972 3409 contentus
999 3366 1033 3408 ex
1061 3365 1096 3408 ea
1123 3346 1191 3407 inde
1218 3355 1350 3426 tempore
1380 3346 1599 3424 magistratibus
1621 3345 1674 3407 sibi

323 3446 427 3508 delatis
449 3457 479 3509 et
501 3459 649 3529 praeterea
672 3450 813 3531 principis
836 3450 1012 3530 dignatione.
1049 3449 1108 3511 Nec
1131 3449 1223 3511 multo
1246 3449 1351 3510 melius
1367 3447 1420 3509 bio
1442 3458 1511 3530 post
1525 3449 1672 3510 victoriam

323 3551 468 3612 Actiacam
492 3554 643 3615 Caesarem
673 3553 786 3616 inducit
808 3552 1016 3616 deliberantem
1045 3553 1081 3614 de
1110 3555 1203 3615 torma
1233 3551 1430 3633 reipublicae
1456 3551 1675 3615 constituendae

321 3673 447 3735 cumque
475 3655 600 3737 Agrippa
632 3675 749 3718 cansam
777 3665 895 3718 tueatur
923 3657 1028 3720 liberae
1057 3657 1099 3718 rei
1126 3655 1273 3736 publicae,
1302 3656 1452 3718 Maecenas
1482 3656 1582 3736 regni,
1609 3655 1676 3716 buia

321 3777 389 3819 eum
420 3757 489 3820 lacit
515 3758 740 3833 adsentientem3
770 3759 873 3822 deinde
903 3759 932 3821 in
956 3760 1074 3822 biennio
1096 3779 1122 3822 a.
1139 3759 1209 3821 726.
1227 3759 1287 3821 727
1310 3760 1473 3822 enarrando
1497 3760 1588 3821 multa
1610 3759 1676 3838 qui-

320 3861 386 3922 dem
410 3861 508 3942 ponit,
538 3881 613 3943 quae
635 3881 701 3924 vere
723 3862 871 3944 pertinent
893 3863 927 3925 ad
951 3883 1013 3926 rem
1037 3863 1182 3943 publicam
1206 3863 1364 3934 redditam,
1392 3862 1443 3924 sed
1464 3881 1610 3925 summam
1633 3862 1675 3923 rei

321 3982 355 4026 eo
383 3964 530 4027 concludit
552 3967 702 4028 Caesarem
731 3975 882 4028 exoratum
911 3985 928 4027 a
957 3977 1060 4028 senatu
1088 3985 1149 4028 rem
1179 3966 1325 4046 publicam
1353 3967 1510 4028 retinuisse
1533 3967 1596 4047 (53,
1614 3968 1674 4046 11).
1788 3991 1789 4048 3

320 4068 393 4128 Vere
422 4087 469 4130 res
491 4069 532 4131 ita
553 4079 669 4150 peracta
691 4079 745 4132 est.
785 4070 837 4132 llei
860 4070 992 4151 publicae
1014 4069 1235 4132 constituendae
1258 4078 1388 4150 potestas
1411 4069 1526 4131 Caesari
1547 4069 1673 4150 primum

320 4171 462 4252 permissa
484 4180 529 4234 est
550 4193 575 4233 a.
592 4174 651 4233 711
675 4173 738 4253 lege
760 4172 835 4234 'litia
856 4173 888 4233 in
909 4173 1155 4254 quinquennium,
1180 4171 1283 4233 deinde
1306 4174 1475 4236 continuata
1496 4173 1528 4234 in
1549 4173 1673 4235 alterum
1788 4199 1789 4226 t

319 4275 552 4355 quinquennium
576 4276 621 4336 vel
643 4278 743 4356 potins
766 4276 829 4338 sine
853 4277 979 4338 termino
1001 4285 1081 4339 certo
1096 4277 1158 4357 lege
1175 4277 1210 4338 de
1226 4294 1259 4336 ea
1275 4293 1306 4337 ra
1321 4276 1401 4341 nulla
1416 4277 1472 4338 lata
1487 4285 1555 4356 post
1570 4295 1595 4338 a.
1613 4277 1671 4337 711
1788 4287 1789 4360 q

320 4378 453 4460 (Appian.
470 4377 498 4439 b.
514 4397 538 4439 c.
556 4379 589 4453 5,
606 4380 674 4460 95);
697 4380 777 4458 quod
800 4399 858 4459 quo
874 4380 938 4441 iure
954 4382 1062 4442 lactum
1079 4398 1143 4440 esse
1158 4378 1300 4449 rideatur,
1322 4379 1391 4441 alibi
1406 4380 1538 4460 quaesivi
1551 4379 1675 4452 (Staots-

318 4483 395 4544 recbt
418 4484 446 4554 1,
470 4483 554 4556 671).
599 4482 700 4562 Neque
729 4482 853 4544 obscure
875 4483 1019 4564 significat
1040 4483 1189 4562 Angustus
1211 4483 1241 4543 in
1264 4483 1476 4545 commentario
1499 4491 1673 4564 potestatem

317 4585 396 4646 illam
421 4587 680 4648 extraordinariam
705 4605 764 4648 non
783 4587 845 4666 lege
867 4607 899 4649 se
921 4585 1092 4660 obtinuisse,
1115 4585 1166 4647 sed
1189 4605 1288 4648 rernm
1312 4585 1445 4649 omnium
1468 4586 1596 4669 potitum
1611 4607 1674 4650 esse
1788 4623 1789 4682 ρ

314 4707 369 4770 per
391 4709 555 4751 consensum
577 4695 785 4763 uniuersorum,
807 4691 884 4764 sive,
915 4699 949 4753 ut
975 4697 1053 4752 reate
1084 4689 1170 4750 rertit
1195 4688 1356 4771 interpres,
1384 4687 1467 4752 κατὰ
1493 4689 1552 4764 τὰς
1579 4685 1676 4771 εὐχὰς
1788 4695 1789 4706 ²

318 4793 382 4854 τῶν
404 4789 492 4874 ἐμῶν
513 4790 682 4856 πολειτῶν.
726 4793 800 4856 Nam
823 4794 875 4875 qui
896 4793 1094 4867 consentiunt,
1117 4811 1175 4854 non
1198 4793 1368 4870 decernunt,
1391 4794 1442 4856 sed
1464 4793 1590 4876 probant
1610 4795 1676 4857 lau-
