3656 5434
748 401 796 468 vr,
816 377 920 456 sakan
1446 406 1507 470 153

155 585 216 647 876
237 583 313 644 inter
335 584 407 645 duas
431 584 528 645 lauros
549 590 729 645 sustentatus
752 581 909 645 alliotoria
924 581 998 644 alata
1012 599 1080 642 cum
1096 581 1286 663 inscriptione
1301 583 1371 646 hac:
1394 596 1510 647 mactra
1544 580 1547 586 ’

153 688 300 769 populnsq.
323 687 445 749 Roman.
473 689 540 767 imp.
566 684 686 747 Caesari
715 687 775 748 dici
797 687 820 766 s.
844 685 967 766 Augusto
992 687 1097 765 pontis.
1124 705 1253 749 mamam.
1275 693 1343 770 imp.
1366 707 1421 752 eos.
1443 691 1508 751 trib.

152 801 291 870 potestat,
315 809 389 870 quae
411 789 563 870 inscriptio
585 797 704 870 propter
725 789 928 869 pontificatum
951 788 1113 851 maximum
1136 808 1213 851 anno
1234 790 1295 852 742
1311 791 1457 872 posterior
1471 791 1511 853 sit

156 913 274 955 necesse
298 904 351 956 est.
389 893 466 955 llaec
488 912 556 956 curn
579 892 647 954 olim
664 893 828 954 rettulerim
844 893 879 954 ad
895 892 1013 973 clupeos
1028 891 1127 972 plures
1141 893 1273 972 Augusto
1289 893 1411 956 diversis
1433 901 1510 955 tem-

155 997 276 1078 poribus
303 997 430 1070 oblatos,
458 999 516 1059 iam
547 996 638 1076 magis
667 996 752 1058 credo
779 995 891 1069 ubivis,
919 995 959 1058 ibi
981 1013 1098 1076 quoque
1121 995 1172 1058 ubi
1193 996 1288 1077 clupei
1309 997 1427 1059 virtutis
1449 1016 1509 1058 non

156 1100 263 1162 diserte
285 1099 395 1160 mentio
423 1103 496 1161 lacta
518 1108 576 1172 est,
604 1099 760 1178 significari
786 1100 921 1180 clupeum
945 1099 1109 1160 dedicatum
1133 1118 1159 1160 a.
1175 1099 1246 1161 727.
1290 1101 1317 1162 ls
1339 1100 1417 1162 eninr
1441 1119 1509 1162 cunr

156 1202 324 1284 propositus
346 1212 425 1264 essct
445 1203 476 1265 in
499 1203 577 1264 curia
597 1202 677 1270 lulia.
700 1203 731 1264 in
752 1203 884 1265 nummis
908 1203 1058 1283 titulisque
1080 1211 1158 1264 recte
1180 1202 1392 1285 repraesentari
1414 1203 1511 1284 potuit

157 1306 243 1369 etiam
265 1306 478 1386 posterioribus
492 1305 640 1387 ,principis
662 1307 755 1380 annis,
779 1307 888 1388 pariter
909 1316 996 1389 atque
1018 1325 1156 1369 coronam
1175 1306 1294 1368 civicam
1313 1307 1416 1369 eodem
1433 1317 1510 1368 tem-

156 1431 227 1492 pore
248 1412 342 1473 datam
360 1410 516 1492 scriptores
531 1419 561 1472 et
575 1410 735 1472 caelatores
747 1420 889 1492 perpetuo
905 1411 1097 1473 celebrarunt.
1134 1409 1266 1472 Honores
1282 1411 1361 1472 enim
1377 1410 1510 1492 perpetui

156 1517 225 1577 licet
252 1516 356 1577 diversi
383 1524 413 1576 et
435 1514 549 1575 diverso
572 1523 704 1594 tempore
726 1515 835 1577 decreti
857 1525 936 1577 recte
957 1515 987 1576 in
1010 1514 1113 1576 eodem
1136 1532 1260 1575 nummo
1282 1514 1510 1594 coniunguntur.

260 1618 416 1680 Decretum
443 1637 509 1679 esse
535 1617 672 1697 clupeum
702 1618 781 1679 bunc
809 1637 885 1680 anno
907 1618 968 1680 727
995 1627 1030 1679 nt
1051 1618 1281 1680 commentarius
1303 1619 1447 1691 ostendit,
1470 1618 1510 1680 ita

159 1725 314 1788 confirmat
335 1723 397 1802 ipsa
419 1721 514 1802 clupei
537 1721 703 1801 inscriptio,
726 1740 793 1783 nam
816 1722 910 1784 virtus
933 1731 1031 1803 aperte
1055 1722 1213 1802 respondet
1234 1721 1333 1796 lauris,
1357 1721 1510 1784 clementia

158 1845 281 1888 coronae
304 1825 420 1887 civicae.
456 1825 635 1887 Collocatum
659 1844 722 1886 esse
736 1825 767 1886 in
782 1825 864 1887 curia
880 1825 950 1887 lulia
966 1845 1001 1887 ex
1016 1826 1079 1887 solo
1095 1825 1307 1887 commentario
1321 1825 1509 1906 intellegitur,

158 1947 335 2010 quamquam
356 1927 583 2008 imperatoribus
598 1928 661 1989 aliis
676 1929 799 1990 dedicati
813 1929 844 1991 in
860 1948 893 1990 ea
906 1929 1001 2010 clupei
1016 1929 1083 1991 alibi
1098 1949 1216 2010 quoque
1231 1938 1509 1992 commemorantur.

161 2035 281 2094 Sueton.
298 2032 381 2092 Dom.
398 2031 453 2092 23:
476 2042 591 2093 cenatas
611 2032 720 2112 repleta
743 2037 823 2095 cure‘a
844 2033 936 2095 scalas
957 2035 1065 2114 infami
1084 2033 1238 2114 clipeosque
1259 2044 1285 2095 et
1298 2037 1436 2114 inopinae
1451 2038 1512 2095 cias

159 2155 254 2199 coram
282 2135 393 2198 detrabi
420 2136 503 2198 rubet.
547 2134 612 2196 Vita
634 2133 746 2196 Claudii
768 2134 883 2196 Gothici
905 2135 939 2196 3:
965 2135 1012 2198 illi
1034 2182 1090 2198 ...
1112 2137 1232 2217 clipeum
1254 2155 1374 2198 aureum
1397 2149 1511 2200 saratas

158 2245 245 2302 totins
266 2241 369 2301 iudicio
398 2241 429 2300 in
450 2237 582 2300 Romano
609 2242 690 2300 care'a
713 2237 880 2301 collocatam
903 2253 959 2314 est,
986 2253 1017 2303 at
1038 2243 1199 2302 etiamnunc
1221 2241 1347 2310 videtur,
1376 2259 1511 2322 capream

158 2344 271 2407 thorace
298 2341 394 2404 cultas
421 2345 490 2404 eius.
534 2341 572 2403 llt
600 2342 754 2403 commode
782 2360 851 2403 sane
879 2342 1024 2404 bonorum
1052 2343 1218 2424 principum
1249 2342 1391 2422 imagines
1418 2343 1458 2405 ibi
1480 2343 1511 2404 in

159 2455 334 2528 perpetuum
356 2444 605 2527 proponebantur,
628 2445 706 2506 sicut
727 2445 870 2506 clarorum
896 2453 1046 2506 oratorum
1068 2419 1213 2526 imagined
1233 2445 1380 2526 clupeatae
1395 2455 1511 2528 prosta-

161 2551 232 2612 bant
253 2549 284 2610 in
307 2549 480 2610 bibliotheca
502 2548 632 2610 Palatina
649 2547 752 2626 (Tacit.
768 2567 836 2616 anu.
853 2547 889 2621 2,
911 2547 961 2609 37.
978 2548 1049 2628 83).·
1076 2549 1211 2620 Victoria,
1233 2567 1321 2629 quam
1345 2559 1374 2612 et
1395 2548 1512 2612 nummi

159 2663 190 2716 et
217 2653 293 2715 tituli
319 2651 503 2731 coniungunt
531 2671 598 2715 cum
628 2653 731 2732 clupeo
758 2651 788 2712 in
818 2651 898 2713 curia
926 2652 998 2714 lulia
1025 2653 1171 2725 dedicato,
1200 2652 1351 2714 referenda
1374 2662 1420 2714 est
1448 2652 1512 2714 sinc

160 2757 247 2820 dubio
270 2757 307 2817 ad
328 2774 408 2818 aram
423 2755 574 2830 Victoriae,
598 2774 687 2836 quam
711 2755 757 2816 die
779 2755 851 2835 Aug.
869 2755 909 2818 28
933 2756 1075 2818 dedicavit
1088 2756 1239 2836 Augustus
1261 2755 1292 2816 in
1314 2757 1415 2819 eadem
1430 2755 1511 2818 curia

159 2861 306 2924 aedificata
321 2849 347 2922 a.
364 2859 424 2922 725
448 2861 592 2941 (usupra
613 2881 642 2942 p.
659 2861 728 2935 79),
758 2869 943 2939 statuamque
965 2860 1096 2922 eiusdem
1119 2861 1188 2922 deae
1210 2859 1318 2921 ibidem
1341 2860 1510 2930 collocatam

160 2971 198 3042 (v.
222 2965 331 3026 Reclrer
353 2972 413 3044 top.
429 2981 457 3043 p.
475 2964 551 3038 3463
573 2965 604 3026 C.
620 2963 642 3024 l.
659 2964 691 3025 L.
708 2964 762 3044 lp.
780 2963 864 3043 400).

258 3068 435 3148 Argenteum
464 3068 600 3148 clupeum
627 3066 751 3148 Augusti
779 3084 868 3146 quem
897 3076 1042 3129 memorat
1064 3067 1228 3129 lladrianus
1254 3066 1432 3147 (orationum
1458 3065 1512 3126 llll

64 3194 67 3199 ·
160 3171 236 3252 apud
258 3170 422 3232 Charisinm
450 3171 513 3252 2ο.
530 3172 591 3232 222
615 3171 691 3233 lleil:
721 3191 739 3233 a
768 3171 859 3243 cobis,
884 3189 915 3250 p.
936 3190 973 3243 ο,
993 3183 1058 3250 peto
1088 3155 1126 3232 ct‘
1141 3175 1324 3251 impetratam
1351 3169 1513 3231 valdissime

161 3279 240 3355 cupio
261 3286 293 3336 aa
310 3279 443 3355 prociona
464 3279 615 3356 t‘magiaem
630 3275 749 3356 laquea
770 3285 933 3356 argenteam
952 3279 1047 3355 potius
1069 3275 1199 3355 clupeam
1214 3277 1254 3336 sic
1269 3285 1300 3335 at
1316 3274 1439 3354 depasto
1457 3292 1513 3353 po-

160 3378 247 3458 natis)
269 3379 394 3440 eundem
418 3378 557 3458 Bergldus
573 3379 682 3441 iudicat
702 3379 733 3440 in
755 3378 879 3440 lectione
902 3377 1006 3440 tradita
1029 3397 1158 3440 errorem
1183 3388 1264 3440 ratus
1285 3377 1398 3452 inesse;
1421 3376 1511 3457 magis

160 3481 332 3544 crediderim
353 3483 500 3545 diversum
527 3483 634 3556 luisse,
663 3482 772 3544 scilicet
799 3481 955 3561 imaginem
977 3481 1102 3561 Augusti
1129 3481 1159 3542 in
1188 3480 1361 3543 bibliotheca
1383 3480 1526 3542 Palatina.

161 3585 328 3648 collocatam
344 3586 475 3667 (Tacitus
490 3605 558 3648 ann.
575 3586 604 3660 2,
620 3587 682 3666 37),
705 3605 779 3666 quae
802 3585 961 3666 quominus
983 3584 1014 3646 in
1037 3586 1139 3666 clupeo
1162 3591 1299 3664 argenteo
1319 3585 1416 3658 suerit,
1439 3582 1513 3644 nibil

161 3689 265 3751 obstat.

566 3923 570 3934 ·
674 3919 832 4016 carun
860 3917 999 3992 xxxv

225 4115 289 4158 uxr.
306 4097 334 4170 6,
349 4115 376 4158 nt
403 4095 536 4157 Tertium
560 4095 727 4172 declilmum
750 4095 942 4173 consulitulm
962 4113 1025 4156 cum
1038 4095 1181 4175 gerebam,
1203 4108 1317 4158 senatus
1333 4105 1358 4155 et
1372 4095 1514 4174 equlester

348 4218 374 4262 aa
402 4200 473 4261 ordo
493 4197 498 4282 1
517 4199 717 4281 populnsqbcel
730 4197 880 4259 Rom'anns
892 4198 1047 4260 universus
1058 4198 1219 4280 [appellavit
1226 4218 1269 4260 me
1276 4195 1513 4279 patremplatriae

349 4321 376 4364 aa
403 4303 490 4383 idque
509 4304 514 4385 Ι
532 4303 563 4364 in
591 4301 743 4378 vestibu[lo
773 4301 901 4379 alodium
932 4301 1064 4364 mearum
1092 4301 1319 4379 inscribenldam
1346 4319 1403 4362 esse
1429 4310 1455 4361 et
1481 4303 1514 4360 in

348 4427 373 4471 tr
402 4413 483 4470 caria
504 4407 542 4484 clt
563 4407 594 4468 in
617 4387 769 4484 toro'nug.
788 4401 794 4487 Ι
814 4406 869 4466 sub
891 4405 1068 4486 quadriglils,
1091 4424 1166 4484 quae
1186 4405 1256 4467 mibi
1274 4405 1328 4482 [aaa]
1343 4423 1367 4466 s.
1382 4421 1407 4464 c.
1423 4405 1513 4483 pos[i-

403 4522 447 4572 tae
468 4520 543 4582 caat,
567 4509 706 4584 decreuitl.

194 4633 238 4676 aa.
257 4612 305 4688 18,
323 4629 335 4674 s
351 4633 376 4676 ιο
407 4608 686 4694 Τρισκαιδεκάοην
713 4604 877 4674 ὑπατείαν
902 4606 1038 4689 ἄγοντός
1066 4632 1130 4694 μου
1152 4604 1172 4692 q'
1193 4632 1228 4672 ae
1251 4607 1436 4692 σύνΙκλητος
1457 4606 1513 4669 καὶ

352 4735 373 4778 n
403 4713 440 4777 cd
463 4709 606 4778 laurada
627 4711 736 4796 τάγμα
755 4708 824 4776 ὅτε
839 4709 967 4787 σύνπας
982 4712 1085 4798 δῆμος
1099 4715 1163 4778 τῶν
1182 4711 1186 4796 Ι
1203 4708 1372 4796 Ῥωμαίων
1386 4727 1513 4796 προση-

352 4836 376 4880 n
401 4813 539 4899 γόρεοσέ
560 4841 601 4901 με
624 4820 752 4900 πατέρα
774 4815 936 4900 πατρίδος
959 4818 1013 4880 καὶ
1036 4817 1132 4881 τοῦτο
1152 4818 1157 4901 Ι
1176 4815 1234 4881 ἐπὶ
1256 4817 1316 4881 τοῦ
1338 4815 1513 4901 agoadi-ov
