3656 5444
319 375 383 439 126
913 373 947 441 V,
966 375 1071 431 to-ta

317 550 466 628 (111146)
494 551 524 613 14
553 550 830 615 144114441441441
866 562 1013 616 servatum
1041 573 1106 616 esso
1132 554 1276 617 1114444414
1310 555 1450 620 1141146414
1484 555 1607 637 gratiam
1643 557 1679 619 ei

317 653 479 716 referentis.
506 690 549 700 —
575 654 694 717 Diverso
715 655 884 718 Chishullns
909 654 1072 737 reliquique
1099 657 1274 738 interpretes
1302 659 1467 738 cogitarunt
1494 660 1529 722 de
1550 661 1679 722 duobus

317 757 492 820 exercitibus
515 757 635 820 Antonii
663 759 872 822 1141144718
895 761 1018 822 alterum
1047 760 1120 823 duce
1142 760 1237 842 Oppio
1260 761 1391 824 Statiano
1416 762 1519 842 legato,
1543 763 1677 824 alterum

317 861 381 941 ipso
403 860 529 923 Antonio
552 861 914 939 (41.11144141141,454).
958 866 995 925 At
1021 865 1138 945 proprie
1160 864 1260 944 copiae
1288 864 1395 944 quibus
1418 865 1561 927 Antonius
1582 884 1678 947 prae-

317 965 374 1025 fuit
394 963 425 1024 14
447 963 522 1026 bello
545 984 570 1026 a.
588 965 649 1027 718
672 984 731 1027 444
753 975 823 1029 4441
845 966 902 1028 4141
924 967 1069 1029 414141144
1097 986 1175 1030 4444
1204 987 1259 1029 444
1288 967 1461 1030 crediderim
1492 979 1555 1030 tum
1586 968 1676 1047 signa

317 1066 423 1128 amissa
446 1086 510 1128 esse
534 1068 590 1130 ulla
613 1068 669 1130 nisi
692 1087 759 1132 oum
784 1069 915 1132 Statiano
937 1071 1040 1150 legato.
1077 1069 1151 1132 Nam
1173 1070 1237 1150 ipse
1251 1071 1396 1134 Antonius
1418 1070 1535 1134 rediens
1559 1073 1674 1134 multos

318 1170 452 1232 homines
474 1171 581 1244 amisit,
605 1171 686 1252 signa
708 1172 735 1234 ei
757 1173 857 1236 1144144
880 1174 958 1235 44114
980 1174 1116 1236 videntur
1131 1173 1295 1235 abstulisse.
1317 1210 1360 1218 —
1380 1174 1502 1254 Recepit
1517 1185 1576 1236 tam
1591 1175 1674 1237 cives

317 1274 446 1355 captivos
469 1294 557 1354 quam
581 1273 663 1355 signa
686 1275 822 1338 militaria
843 1277 992 1357 Augustus
1019 1297 1035 1339 a
1057 1297 1125 1356 rege
1147 1277 1271 1339 Phraate
1293 1297 1319 1339 a.
1336 1277 1398 1339 734
1420 1277 1451 1339 14
1473 1278 1555 1358 Spria
1577 1298 1670 1359 agens

316 1376 382 1456 (014
398 1378 448 1451 54,
465 1377 568 1451 8441.)
590 1379 635 1440 141
656 1379 755 1459 potius
776 1379 860 1441 iussu
882 1379 945 1441 eius
961 1381 1004 1442 Ti.
1020 1379 1097 1442 Nero
1119 1380 1214 1461 (Suet.
1230 1381 1294 1442 Tib.
1311 1381 1354 1460 9).
1391 1381 1432 1443 Eo
1447 1389 1582 1462 tempore
1595 1382 1673 1444 Par-

318 1481 384 1543 thos
406 1481 494 1543 etiam
516 1482 674 1545 amicitiam
697 1483 798 1564 populi
820 1482 944 1543 Romani
967 1482 1112 1562 supplices
1140 1482 1260 1562 petiisse
1286 1493 1401 1564 praeter
1422 1486 1672 1548 commentarium

316 1584 446 1647 indicant
467 1585 583 1647 nummi
605 1587 745 1668 plerique,
768 1586 799 1648 in
821 1584 929 1665 quibus
944 1584 1071 1647 Parthus
1094 1604 1170 1664 genu
1192 1587 1286 1647 1141144
1309 1586 1424 1665 signum
1444 1586 1568 1648 militare
1583 1589 1672 1650 odert

316 1688 571 1768 (1141111416,95);
593 1690 718 1770 deuique
740 1689 878 1752 Horatius
901 1709 945 1770 ep.
965 1690 991 1762 1,
1010 1688 1058 1763 12,
1075 1689 1115 1750 27
1122 1708 1129 1750 :
1152 1693 1196 1752 lus
1217 1693 1421 1772 imperatumque
1443 1689 1579 1754 Pbroutes
1595 1691 1671 1754 644-

316 1794 391 1853 44114
413 1796 517 1872 compet
536 1793 654 1872 panibus
675 1796 770 1854 1111444
799 1803 828 1855 41
851 1791 974 1854 Orosius
996 1791 1025 1865 6,
1048 1791 1098 1864 21,
1122 1791 1176 1854 291
1211 1791 1332 1854 Portbt.
1352 1837 1358 1852 .
1376 1839 1383 1853 .
1399 1792 1476 1855 ultro
1497 1799 1577 1874 41444
1598 1815 1671 1876 qaue

318 1893 420 1956 Crasso
442 1897 590 1976 a'otersccto
613 1895 789 1958 ubsttderuot
810 1895 848 1958 ud
871 1895 1019 1958 0444414111
1040 1899 1211 1957 rememorat
1235 1900 1373 1978 raptisque
1395 1897 1536 1960 obsidibus
1558 1899 1670 1962 notos

319 2001 366 2069 (41
382 1997 463 2072 adli,
480 1997 513 2077 3)
534 2000 651 2080 firmum
679 2000 781 2080 (441144
801 2001 881 2080 fideli
904 1999 1107 2079 supplicatione
1128 2010 1306 2062 4441441441.
1327 2035 1369 2043 -
1388 2000 1422 2061 14
1444 2000 1535 2062 lorica
1557 2010 1670 2064 statuae

317 2101 531 2181 pulcherrimae
545 2102 678 2182 Augusti,
698 2121 774 2182 quae
793 2121 870 2164 anno
888 2101 969 2165 1863
985 2102 1020 2163 ad
1036 2100 1159 2164 Romam
1177 2113 1291 2183 reperta
1307 2112 1361 2176 est,
1377 2102 1525 2166 dedicatae
1540 2105 1670 2167 4111114-

318 2215 367 2267 141
381 2225 407 2267 4.
424 2226 451 2267 4.
467 2225 492 2268 4.
509 2207 569 2267 741
589 2206 730 2286 (114411141
751 2225 819 2268 444.
835 2207 916 2291 1441.Ι
927 2206 1005 2268 41411.
1025 2205 1105 2268 1863
1129 2226 1157 2287 p.
1179 2207 1241 2269 440
1254 2207 1321 2287 sq.)‚
1344 2208 1451 2270 caelata
1468 2219 1539 2271 sunt
1553 2209 1669 2289 signas

317 2308 435 2371 Parthis
450 2318 636 2390 recuperata3
656 2327 723 2371 uam
740 2329 844 2390 parum
860 2309 1050 2389 probabiliter
1064 2309 1206 2389 Rergkius
1221 2330 1250 2390 p.
1265 2311 1324 2372 106
1339 2310 1456 2373 Parthis
1471 2311 1512 2372 ibi
1527 2311 1670 2393 Hispanos

318 2412 482 2475 substituit.
504 2449 542 2457 -
567 2412 609 2475 lle
631 2413 740 2495 duplici
762 2413 832 2476 aede
853 2413 955 2475 Martis
978 2411 1096 2487 Ultoris,
1124 2413 1214 2476 411414
1236 2413 1349 2476 1414414
1370 2413 1402 2476 14
1424 2413 1565 2496 Capitolio
1587 2415 1669 2478 dedi-

318 2525 381 2580 cata
403 2536 429 2579 a.
447 2516 517 2591 734,
540 2516 629 2579 altera
652 2517 762 2579 maiore
783 2517 815 2579 in
835 2519 899 2578 1414
915 2517 1046 2596 Augusto
1069 2516 1199 2579 dedicata
1221 2537 1247 2579 4.
1264 2517 1325 2578 752
1348 2517 1572 2599 duplicibusque
1593 2518 1668 2581 ludis

319 2619 501 2683 Martialibus
523 2620 626 2683 diebus
649 2620 713 2683 blei.
732 2620 771 2681 12
787 2630 817 2684 et
830 2621 902 2700 Aug.
920 2622 935 2682 1
954 2620 1013 2682 dixi
1031 2619 1062 2681 in
1079 2619 1109 2681 C.
1126 2620 1148 2682 l.
1164 2620 1196 2682 L.
1213 2621 1268 2682 vol.
1286 2621 1301 2680 1
1320 2640 1348 2702 p.
1365 2620 1427 2684 393
1442 2620 1540 2701 ibique
1555 2621 1668 2684 ostendi

318 2725 396 2787 illam
420 2724 521 2786 aedem
544 2724 686 2804 illumque
707 2723 783 2786 diem
806 2724 925 2805 proprie
946 2724 1093 2804 pertinere
1115 2723 1151 2785 ad
1174 2723 1255 2804 signa
1277 2725 1425 2787 aPartbis
1445 2733 1570 2806 recepta,
1593 2727 1668 2788 hanc

318 2828 418 2891 aedem
442 2837 472 2890 41
493 2829 674 2891 hunc-diem
696 2829 813 2909 proprie
835 2828 870 2890 ad
888 2828 1038 2890 victoriam
1054 2826 1284 2909 Philippensem.
1319 2828 1407 2909 Signa
1429 2848 1463 2891 44
1486 2829 1615 2910 primum
1637 2830 1668 2891 in

319 2930 460 3012 Capitolio
482 2932 620 2994 collocata
648 2942 718 2994 sunt
741 2931 938 3012 translataque
962 2931 994 2992 in
1016 2931 1117 2993 aedem
1140 2931 1280 2994 maiorem
1304 2940 1460 3013 postquam
1484 2951 1518 2994 ea
1539 2933 1669 2995 dedicata

318 3044 372 3107 est,
396 3043 430 3096 ut
451 3035 527 3097 hanc
549 3034 670 3097 omnino
692 3036 748 3098 boc
769 3037 833 3097 loeo
849 3034 999 3114 Augustus
1015 3033 1173 3114 significem
1197 3034 1392 3116 convenitque
1407 3035 1485 3117 quod
1500 3035 1578 3099 inter
1591 3037 1669 3116 leges

318 3137 383 3200 aedi
408 3138 433 3200 41
462 3137 542 3200 datas
569 3142 695 3200 refertur
724 3135 765 3201 ἄν
792 3159 874 3201 ποτε
901 3145 1022 3220 σημεῖα
1044 3137 1316 3220 supercoelestia
1339 3135 1517 3222 πολεμίους
1545 3135 1671 3202 ἁλόντα

319 3235 542 3330 ἇνακομισθῇ,
558 3239 592 3316 ἐς
606 3235 665 3304 adv
679 3238 759 3305 ναὸν
774 3237 857 3304 αὐτὰ
871 3232 1035 3303 τίθεσθαι
1051 3240 1179 3320 (111455,
1194 3243 1255 3316 10).
1289 3242 1427 3305 Horatius
1440 3242 1670 3324 Propertiusque

319 3344 496 3407 carminibus
530 3365 584 3426 per
614 3346 668 3408 hos
701 3365 794 3409 annos
826 3343 944 3425 scriptis
977 3343 1127 3424 signorum
1166 3345 1285 3426 quidem
1324 3345 1529 3408 restitutorum
1564 3346 1671 3408 memi-

318 3458 428 3512 nerunt
449 3448 562 3527 (Horat.
583 3469 673 3512 carm.
695 3452 725 3524 4,
745 3451 773 3524 5,
795 3448 849 3522 16;
876 3466 921 3528 ep.
947 3449 974 3521 1,
997 3447 1045 3522 18,
1067 3448 1121 3521 561
1147 3448 1281 3530 Propert.
1302 3448 1331 3522 3,
1355 3449 1404 3522 10,
1427 3449 1475 3511 13.
1500 3451 1529 3524 4,
1545 3451 1575 3523 4,
1592 3451 1669 3530 644.

319 3554 348 3626 4,
366 3554 395 3626 5,
411 3552 469 3628 48;
492 3552 633 3627 4,12,3.
657 3554 686 3627 5,
702 3553 731 3628 6,
749 3553 800 3630 79)
825 3570 915 3631 eaque
937 3569 998 3613 non
1020 3551 1145 3614 obscure
1166 3552 1296 3614 indicant
1318 3563 1382 3615 tum
1398 3552 1514 3615 stetisse
1536 3553 1567 3615 in
1583 3553 1670 3635 Capi-

223 3679 232 3690 ·
320 3657 389 3719 tolio
413 3657 524 3730 (114141.
541 3675 630 3718 44114.
647 3658 676 3730 4,
694 3658 743 3731 15,
759 3657 794 3718 61
824 3661 905 3736 ss'qno
926 3665 1022 3718 nostro
1043 3659 1166 3718 1441114111
1188 3655 1262 3729 lout;
1288 3656 1421 3736 Propert.
1437 3675 1526 3718 carm.
1543 3658 1573 3730 4,
1588 3659 1618 3732 4,
1635 3657 1669 3719 6:

318 3759 582 3824 adsuescentdutr'o
605 3758 960 3839 nortmannorum
988 3768 1019 3821 at
1045 3777 1133 3840 qnam
1162 3769 1267 3822 neuter
1291 3778 1394 3821 eorum
1417 3763 1575 3840 perlectam
1599 3761 1671 3822 vidit

319 3863 420 3926 Martis
446 3863 546 3926 aedem
574 3881 719 3942 nusquam
750 3872 930 3936 memorant,
958 3881 996 3924 ne
1023 3863 1059 3924 ab
1083 3862 1186 3925 Ouidio
1213 3863 1333 3943 quidem
1363 3862 1537 3925 celebratam
1558 3863 1616 3924 nisi
1637 3863 1669 3924 in

319 3968 401 4031 144114
424 3968 466 4047 (5,
483 3969 544 4030 549
557 3987 600 4046 sq.
624 3969 661 4028 41.
677 3966 706 4040 6,
723 3967 798 4047 459)
820 3967 901 4029 etin
924 3965 1054 4029 tristium
1076 3966 1159 4028 libris
1182 3965 1224 4042 (2,
1245 3967 1330 4046 295).
1374 3965 1418 4028 lbi
1440 3965 1548 4029 dicitur
1569 3966 1671 4030 Mona

319 4074 359 4135 br's
380 4072 451 4146 ulti,
485 4071 596 4134 scilicet
621 4071 672 4151 qui
699 4071 778 4133 ultus
807 4080 885 4132 esset
915 4071 1042 4150 primum
1073 4071 1189 4132 caedem
1213 4069 1344 4132 Caesaris
1367 4070 1531 4144 dictatoris,
1566 4071 1670 4132 deinde

320 4187 445 4256 stragem
469 4175 661 4238 Crassianam.
712 4173 833 4235 Nummi
862 4174 961 4235 aedem
985 4173 1085 4235 blartis
1108 4173 1216 4236 Ultoris
1243 4155 1414 4236 erbibentes
1440 4191 1508 4235 cum
1531 4183 1669 4254 exparte

319 4291 397 4343 certe
419 4281 482 4342 cusi
505 4279 565 4341 sint
586 4298 611 4340 4.
629 4277 904 4357 735160141111416,
923 4278 998 4348 1001
1021 4276 1120 4339 Coben
1135 4280 1208 4358 Aug.
1225 4297 1254 4339 n.
1271 4277 1355 4352 202),
1378 4287 1599 4358 repraesentant
1620 4286 1669 4340 aut

319 4385 419 4448 aedem
442 4383 634 4464 Capitolinam
657 4392 708 4445 aut
729 4381 806 4462 quod
830 4381 1005 4461 Rorgbesius
1029 4387 1108 4462 (opp.
1125 4380 1153 4455 2,
1170 4381 1245 4454 379)
1268 4381 1401 4462 probavit
1426 4391 1456 4444 et
1478 4399 1530 4461 ego
1553 4399 1669 4462 quoquo

319 4487 517 4570 praetulerim,
541 4485 641 4547 aedem
666 4485 805 4547 maiorem
827 4493 984 4565 antequam
1007 4485 1206 4564 perficeretur.

419 4588 508 4651 Tituli
535 4607 639 4663 arcus,
673 4607 760 4669 quem
789 4587 876 4650 modo
905 4588 1030 4649 vidimus
1057 4597 1178 4668 propter
1203 4588 1286 4668 signa
1316 4597 1431 4668 recepta
1458 4588 1591 4668 Augusto
1618 4589 1670 4650 de-

320 4695 448 4757 dicatum
475 4710 538 4754 esse
564 4692 594 4753 in
622 4695 686 4754 loro
712 4691 860 4764 Romano,
890 4692 1056 4771 quaesitum
1085 4701 1130 4753 est
1165 4709 1237 4753 num
1271 4691 1409 4771 reliquiae
1437 4689 1532 4752 adhuc
1561 4697 1668 4752 4111441.

321 4801 438 4861 lnrenta
462 4795 539 4858 enim
563 4795 593 4857 in
616 4798 679 4857 1414
702 4805 773 4858 4441
793 4799 956 4876 fragmenta
982 4795 1135 4875 quaedam,
1163 4813 1326 4875 quaecum
1350 4802 1470 4875 propter
1491 4795 1616 4856 formam
1638 4791 1669 4854 in
