3656 5434
668 395 825 453 TITVLVS
844 395 1067 454 musantia
1484 403 1545 467 173

191 575 313 638 Caesare
344 576 410 638 data
441 595 473 637 se
500 575 593 638 arceri
614 577 646 656 (l.
670 595 695 637 c.
719 596 744 638 c.
767 575 831 656 80).
875 577 976 658 Neque
998 577 1029 639 in
1051 586 1113 640 tota
1135 576 1302 640 narratione
1324 578 1410 658 legati
1433 579 1547 642 Ciliciae

193 679 304 740 mentio
327 679 369 752 fit,
392 697 467 759 quae
489 676 585 740 omitti
608 697 668 740 non
690 679 796 761 potuit,
819 679 844 742 si
868 681 972 743 luisset
994 700 1029 742 eo
1052 688 1192 760 tempore,
1215 699 1311 762 neque
1326 681 1426 744 Pisoni
1447 691 1547 764 postea

191 782 318 844 obicitur
339 800 407 844 eom
430 781 610 862 provinciam
634 782 757 844 alienam
779 783 929 858 invasisse,
952 784 1003 845 sed
1024 803 1108 847 οιιοοι
1130 789 1219 847 omnia
1238 789 1399 866 repetim'sse
1422 787 1452 862 (l.
1469 806 1494 848 ο.
1517 786 1546 861 3,

195 885 321 960 1216)
351 896 382 946 et
407 884 511 946 bellum
534 889 698 964 prova'ucioe
724 885 853 949 intulisse
879 887 958 960 (1ο.
987 885 1016 957 3,
1042 886 1102 965 14).
1151 886 1225 948 ltem
1253 887 1466 968 expeditionem
1494 889 1547 950 ad-

190 1007 294 1049 versus
316 987 405 1049 Clitas
431 987 461 1049 in
485 987 582 1049 Cilicia
610 1005 711 1068 aspera
734 986 913 1050 simillimam
937 988 1154 1051 homonadensi
1177 988 1221 1051 bis
1243 1009 1268 1051 a.
1291 1009 1320 1070 p.
1343 990 1374 1051 C.
1391 991 1431 1053 36
1453 999 1483 1053 at
1506 991 1547 1052 52

191 1101 386 1172 susceperunt
415 1091 515 1170 Syriae
542 1092 592 1170 qui
620 1109 654 1153 eo
681 1101 814 1171 tempore
840 1095 1033 1171 pracluerunt
1059 1092 1091 1166 (l.
1115 1111 1139 1153 ο.
1169 1092 1198 1166 b,
1221 1093 1271 1154 41.
1298 1093 1346 1166 12,
1364 1095 1427 1170 55).
1471 1093 1546 1155 Pro-

191 1193 273 1273 prius
300 1202 398 1255 autem
422 1192 537 1256 Ciliciae
564 1194 676 1272 legatus
703 1193 802 1254 nullus
825 1193 975 1256 invenitur
996 1203 1062 1256 ante
1086 1193 1294 1257 Cossutianum
1317 1195 1487 1276 Capitonem
1510 1215 1546 1258 en

191 1295 289 1358 Cilicia
317 1296 547 1376 repetundarum
574 1305 744 1358 accusatum
772 1315 798 1358 a.
820 1315 849 1376 p.
873 1295 903 1357 C.
928 1295 968 1358 58
995 1297 1100 1375 (Tacit.
1121 1314 1190 1356 ann.
1217 1295 1265 1370 13,
1288 1295 1340 1371 33)
1350 1297 1384 1376 ¹).
1407 1333 1448 1344 -
1472 1299 1547 1361 lluic

191 1397 332 1477 opinioni,
355 1397 484 1460 Ciliciam
507 1418 543 1460 eo
566 1407 698 1478 tempore
721 1399 777 1460 sub
799 1398 930 1480 praeside
952 1398 1051 1479 Syriae
1073 1397 1174 1471 luisse,
1197 1397 1267 1459 olinr
1291 1417 1306 1460 a
1329 1399 1454 1464 baronio
1476 1421 1547 1480 pro-

190 1501 302 1582 positae
335 1520 513 1581 quamquam
548 1501 613 1563 sine
645 1501 758 1563 idoneis
786 1501 982 1580 argumentis,
1016 1501 1103 1563 hodie
1130 1519 1212 1574 vero,
1246 1510 1402 1581 postquam
1431 1521 1484 1582 ego
1513 1503 1543 1564 in

190 1603 314 1683 epistula
347 1605 384 1666 ad
406 1605 624 1684 Bergmannum
655 1623 719 1665 earu
746 1604 862 1678 reduxi,
896 1604 983 1666 etiam
1011 1603 1187 1682 aZumptio
1214 1602 1247 1683 (l.
1270 1623 1295 1665 c.
1318 1621 1347 1682 p.
1368 1604 1408 1665 95
1432 1605 1490 1685 sq.)
1517 1616 1547 1668 et

190 1704 365 1786 Nipperdeio
388 1707 436 1785 (ad
460 1706 528 1767 Tac.
551 1724 618 1767 ann.
642 1705 672 1778 2,
688 1705 741 1783 43)
764 1706 918 1780 admissae,
941 1705 1075 1768 Norisius
1098 1708 1205 1782 (cenot.
1228 1705 1286 1766 Pis.
1309 1724 1338 1785 p.
1354 1705 1428 1784 219)
1452 1726 1546 1788 oppo-

191 1808 252 1871 suit
272 1809 350 1889 quod
373 1809 480 1889 legitur
501 1809 578 1888 apud
595 1808 769 1871 Strabonem
795 1810 843 1883 14,
860 1811 888 1884 5,
905 1810 924 1872 6
947 1828 975 1889 p.
992 1809 1050 1871 671
1076 1809 1241 1889 Augustum
1259 1806 1388 1871 Ciliciam
1411 1828 1545 1892 asperam

191 1911 340 1990 regionem
370 1914 461 1974 leram
485 1921 515 1972 et
536 1911 699 1973 latronibus
721 1911 859 1975 infestam
882 1912 938 1974 sub
961 1911 1078 1992 regibus
1100 1931 1165 1973 esse
1188 1912 1326 1974 maluisse
1348 1909 1367 1994 ἢ
1386 1909 1452 1976 ὑπὸ
1475 1923 1546 1988 cote

187 2009 363 2095 Ῥωμαίοις
395 2009 553 2096 ἡγεμόσιν
585 2023 656 2086 cote
695 2011 754 2076 ἐπὶ
783 2015 841 2088 τὰς
876 2018 999 2097 κρίσεις
1038 2016 1286 2096 πεμπομένοις,
1322 2017 1358 2077 ol
1387 2013 1459 2098 μήτ’
1492 2011 1546 2077 cisi

191 2125 350 2193 παρεῖναι
373 2112 510 2197 ἔμελλον
531 2110 612 2198 μήτε
632 2116 714 2194 μεθ’
745 2112 876 2180 ὄπλωνε
909 2116 1024 2179 excludi
1045 2117 1085 2178 ita
1107 2116 1205 2196 Syriae
1231 2117 1359 2197 legatum
1389 2117 1545 2180 habentem

191 2225 250 2278 tres
282 2218 411 2297 legiones
444 2227 474 2280 et
505 2217 732 2298 intellegendum
760 2238 825 2281 esse
858 2220 973 2282 Ciliciae
1004 2219 1158 2281 inermem.
1202 2219 1240 2281 ht
1262 2219 1367 2281 Strabo
1394 2220 1450 2282 boo
1482 2220 1546 2282 loco

190 2319 297 2400 cogitat
323 2321 359 2383 de
385 2321 467 2400 regni
492 2321 635 2401 Amyntac
663 2321 818 2396 divisione,
852 2341 911 2402 quo
944 2321 1098 2384 interiecto
1129 2321 1226 2382 Cilicia
1249 2340 1359 2402 aspera,
1393 2332 1427 2385 ut
1458 2340 1546 2402 supra

189 2422 259 2496 dixi,
292 2424 397 2486 tradita
430 2432 476 2486 est
504 2423 645 2486 Archelao
676 2425 738 2504 regi
760 2424 966 2506 Cappadociae,
998 2424 1107 2487 Galatia
1140 2433 1239 2486 auteur
1274 2443 1342 2487 oum
1376 2425 1545 2504 regionibus

189 2526 379 2588 conterminis
402 2536 432 2589 et
445 2527 615 2608 Pampbyba
632 2536 733 2608 utpote
747 2529 908 2607 pacatiores
923 2529 955 2589 in
971 2527 1135 2607 provinciae
1155 2528 1279 2588 formam
1296 2526 1429 2590 redactae
1444 2527 1545 2607 legatis

189 2629 364 2691 commissae
380 2640 451 2693 sunt
464 2629 593 2710 legiones
609 2648 667 2691 non
684 2630 870 2692 habentibus.
905 2629 965 2691 llos
981 2631 1091 2709 legatos
1102 2628 1206 2692 Strabo
1222 2629 1363 2708 intellegit
1375 2629 1502 2692 Calatiae
1516 2640 1547 2691 et

188 2729 389 2812 Pamphyliae,
412 2733 448 2793 de
470 2732 567 2795 Cilicia
590 2733 747 2813 provincia,
770 2733 917 2812 adquam
940 2733 1019 2794 nulla
1042 2733 1138 2812 portio
1161 2731 1243 2812 regni
1268 2733 1411 2813 Amyntae
1432 2734 1544 2795 adiecta

188 2841 243 2906 eat,
266 2833 407 2896 hocloco
434 2853 494 2897 nou
521 2836 666 2915 cogitant.
710 2836 802 2899 hlulto
830 2835 930 2896 minus
959 2835 1057 2897 obstat
1083 2835 1160 2914 quod
1191 2836 1267 2915 apud
1290 2834 1413 2897 Dionem
1438 2835 1488 2908 53,
1506 2835 1545 2896 12

189 2934 266 2996 inter
287 2936 451 3016 provincias
473 2937 676 3018 imperatorias
705 2949 900 3001 numerantur
928 2937 983 3000 καί
1011 2933 1029 3019 ἡ
1058 2939 1163 3020 Συρία
1189 2933 1208 3019 ἡ
1235 2936 1330 3020 zotta
1363 2933 1545 3020 καλουμένη

189 3030 209 3119 ἢ
241 3060 276 3099 τε
310 3040 449 3122 Φοινίκη
482 3041 538 3102 καὶ
572 3039 707 3102 Κιλικία
739 3040 794 3103 καί
832 3037 974 3123 Κύπρος.
1025 3039 1099 3101 Nam
1133 3059 1201 3103 cum
1230 3039 1343 3120 Syriam
1376 3040 1483 3102 Coelen
1516 3049 1546 3102 et

190 3139 357 3203 Phoenicen
380 3142 475 3205 eidem
498 3145 592 3224 legato
616 3155 678 3207 tum
700 3145 833 3224 paruisse
853 3153 884 3206 et
898 3142 1015 3205 aliunde
1031 3151 1147 3204 constet
1162 3152 1192 3205 et
1207 3161 1241 3204 ex
1257 3143 1321 3223 ipso
1338 3143 1423 3205 titulo
1439 3143 1546 3205 Tibur-

190 3243 261 3316 tino,
294 3244 371 3306 idem
406 3245 503 3308 locum
533 3247 640 3308 habere
666 3246 764 3327 potuit
792 3247 822 3308 in
857 3245 964 3319 Cilicia,
994 3253 1024 3306 et
1051 3245 1114 3325 ipse
1140 3244 1194 3306 llio
1227 3245 1307 3307 addit
1333 3263 1485 3308 recensere
1514 3265 1546 3307 se

189 3346 353 3426 provincias
375 3348 412 3409 ad
434 3349 481 3410 sui
504 3351 644 3430 temporis
667 3349 968 3419 administrationem,
1000 3345 1074 3410 duel
1103 3345 1141 3410 τό
1167 3370 1205 3425 re
1234 3343 1374 3429 ἀρχαῖον
1402 3348 1456 3410 καί
1487 3346 1545 3410 ἐπὶ

189 3446 275 3512 πολι)
297 3449 353 3510 καί
377 3447 497 3515 σύνδυο
519 3448 576 3514 καὶ
598 3449 734 3532 ούνιριοι
755 3451 796 3513 τὰ
824 3449 906 3534 ἔθνη
935 3445 1004 3532 ἅμα
1030 3447 1153 3533 ἤρχετο.
1176 3485 1217 3496 -
1248 3451 1325 3513 Ηοοο
1352 3451 1403 3531 qui
1432 3452 1546 3532 probat,

190 3549 217 3612 ei
244 3551 403 3614 dicendum
442 3555 499 3616 erit
526 3553 694 3627 Quirinium
733 3553 974 3615 Homonadenses
1013 3551 1118 3614 vicisse
1148 3553 1248 3633 Syriae
1277 3553 1420 3633 legatum,
1454 3572 1546 3633 eaque

189 3653 334 3733 expeditio
356 3674 423 3717 cum
448 3658 609 3719 secundum
626 3657 760 3718 Tacitum
776 3659 851 3718 lacta
867 3656 906 3717 sit
919 3655 997 3718 iuter
1012 3675 1037 3716 a.
1055 3655 1116 3716 742
1131 3665 1162 3717 et
1177 3656 1248 3729 756,
1271 3665 1387 3736 praeter
1410 3664 1544 3717 testatam

188 3755 259 3817 anni
282 3757 345 3820 759
367 3759 455 3820 altera
479 3758 613 3832 Quirinio
636 3759 735 3840 Syriae
762 3759 868 3838 legatio
896 3759 990 3820 danda
1018 3767 1072 3831 est,
1095 3777 1184 3838 quam
1207 3759 1362 3820 commode
1384 3761 1545 3819 releremus

189 3857 224 3918 ad
247 3875 272 3918 a.
290 3860 348 3919 751
373 3868 403 3921 et
425 3861 487 3922 752
509 3862 613 3942 perid
635 3870 753 3942 tempus
776 3861 854 3922 solos
881 3863 941 3921 lere
969 3861 1039 3922 satis
1069 3871 1204 3922 vacantes
1231 3870 1261 3923 et
1287 3861 1367 3923 iusto
1394 3860 1545 3922 interuallo

189 3979 205 4020 a
228 3961 381 4024 consulatu
405 3974 563 4043 separatos.

289 4063 318 4124 2.
353 4064 383 4124 C.
412 4065 517 4128 Caesar
549 4066 579 4128 in
607 4065 759 4127 Orientem
792 4064 902 4126 missus
929 4084 955 4125 a.
984 4063 1045 4124 753
1073 4063 1172 4144 ibique
1200 4083 1225 4126 a.
1256 4065 1317 4125 757
1346 4064 1375 4124 d.
1398 4063 1482 4124 Febr.
1505 4062 1543 4124 21

189 4165 344 4228 defunctus
366 4176 495 4229 rectores
517 4167 620 4230 babuit
642 4167 772 4248 primum
796 4167 833 4228 bl.
857 4167 992 4241 bobium,
1015 4166 1120 4228 deinde
1141 4186 1176 4228 eo
1198 4175 1315 4228 mortuo
1337 4185 1406 4228 oum
1429 4166 1464 4227 de
1486 4185 1546 4246 quo

188 4267 304 4347 agimus
326 4268 495 4341 Quirinium
519 4271 599 4351 (Tac.
621 4271 641 4331 l.
657 4289 700 4362 ⁰2²
732 4271 816 4334 dotas
836 4280 928 4331 rector
952 4269 983 4330 C.
1009 4269 1129 4332 Caesari
1148 4269 1314 4332 Αποιιιίοοι
1335 4269 1487 4344 οίιίιιιιιιίς
1509 4271 1545 4330 ο1.

290 4440 311 4506 ¹)
330 4441 395 4493 Ludi
413 4442 460 4492 sub
480 4442 625 4493 Domitiano
645 4442 688 4494 uel
705 4448 764 4509 post
785 4457 840 4492 eum
865 4441 990 4492 celebrati
1008 4442 1159 4493 Antiochiae
1177 4442 1277 4494 nomine
1296 4441 1420 4507 Syrorum
1439 4441 1547 4492 Cilicum

189 4523 340 4576 Phoenicum
357 4521 384 4590 (ὁ
402 4522 474 4591 ἱερὸς
492 4523 700 4598 πενταετηρικός
716 4525 809 4584 κοινὸς
825 4529 930 4596 Συρίας
947 4528 1070 4584 Κιλικίας
1088 4529 1228 4590 Φοινείκης
1246 4524 1276 4577 ἐν
1290 4519 1456 4592 Ἀντιοχείᾳ),
1479 4531 1546 4576 teate

191 4611 269 4662 titulo
283 4610 453 4678 Neapolitano
472 4619 543 4663 recto
561 4612 630 4664 odito
649 4614 713 4680 apud
731 4613 876 4664 bauzanum
893 4613 960 4664 Bou.
978 4611 1035 4662 dell’
1046 4612 1110 4662 Ιιιιί.
1131 4611 1195 4662 1977
1214 4626 1237 4677 p.
1254 4611 1309 4672 tos,
1327 4626 1472 4677 quamquo·
1491 4611 1546 4662 siue

190 4697 268 4748 dublo
287 4712 319 4749 eu
333 4698 436 4763 antiqua
449 4697 496 4749 ille
509 4699 682 4751 communione
696 4699 819 4762 originem
833 4699 970 4761 duxeruut,
987 4699 1081 4748 durare
1095 4704 1274 4762 potueruntne
1287 4697 1380 4754 soluta,
1401 4711 1546 4762 quemquam

190 4783 269 4834 alitor
289 4791 396 4837 causent
416 4785 548 4836 Cenaeum
566 4786 583 4836 l.
598 4801 619 4836 e.
639 4791 665 4835 ot
681 4785 869 4852 llerqurrdtius
886 4782 1047 4835 Stactaoerao.
1072 4783 1103 4832 1¹
1124 4799 1147 4850 p.
1161 4783 1217 4834 ast.
