3696 5430
313 403 395 458 XXII

357 604 383 646 ro
412 583 473 645 siue
511 581 567 643 ulla
604 580 794 661 inscriptione
830 578 960 641 nominis
997 578 1054 640 mei
1090 578 1171 640 riuos
1204 597 1347 658 aquarum
1384 578 1584 659 compluribus
1619 581 1691 642 locis

410 693 557 748 uetustate
601 684 732 746 labentes
774 683 862 745 reieci
898 693 929 745 et
963 701 1067 763 aquam
1108 700 1184 762 quae
1220 681 1310 742 maria
1347 682 1508 762 appellatur
1543 683 1692 763 duplicari

409 793 491 850 fonte
540 805 619 848 nouo
668 787 699 848 in
746 787 845 849 riuum
890 786 954 848 eius
1003 785 1137 847 immisso
1181 788 1277 847 lorum
1321 784 1424 847 iulium
1469 795 1498 848 et
1540 785 1690 848 basilicam

409 910 484 972 quae
520 891 576 953 luit
611 891 689 953 inter
732 891 833 952 aedem
870 889 992 951 castoris
1029 896 1058 950 et
1094 889 1195 950 aedem
1239 887 1352 950 saturni
1397 899 1496 969 caepta
1539 889 1692 970 profligata

409 1015 467 1076 que
499 1013 586 1075 opera
620 1014 635 1056 a
668 1003 750 1074 patre
784 1012 849 1055 meo
882 991 989 1073 perfeci
1022 1001 1053 1054 et
1085 992 1207 1054 eandem
1241 991 1388 1053 basilicam
1423 1001 1625 1054 consumatum
1661 994 1693 1056 in

356 1119 381 1162 15
518 1098 655 1179 ampliato
695 1098 757 1158 eius
796 1097 857 1158 solo
898 1096 953 1157 snb
990 1095 1074 1158 titulo
1253 1095 1382 1156 nominis
1420 1095 1546 1158 liliorum
1586 1143 1693 1170 ..‚.

411 1247 575 1263 ......
610 1201 697 1263 uiuus
730 1218 790 1261 uon
824 1199 1013 1279 perfecissem
1043 1199 1195 1280 perfeci¹⁶t
1229 1199 1266 1260 ab
1298 1197 1519 1279 baeredibns²⁰)
1687 1249 1695 1262 .

410 1351 639 1367 ........
674 1303 787 1383 uirgine
820 1301 1036 1383 exemplum²⁷)
1070 1303 1156 1364 deum
1193 1301 1224 1362 in
1259 1302 1330 1363 urbe
1366 1320 1457 1364 consu
1688 1352 1695 1364 .

411 1453 638 1470 ........
661 1405 717 1468 leci
738 1405 830 1467 fluuio
857 1407 1065 1486 praetermisso
1096 1405 1173 1485 quod
1201 1413 1312 1485 temp.
1338 1451 1375 1467 ..
1400 1452 1406 1466 .
1431 1451 1469 1466 ..
1494 1454 1501 1467 .
1526 1453 1595 1469 ...
1620 1455 1627 1468 .
1652 1455 1659 1470 .
1687 1455 1695 1468 .

411 1555 701 1572 ..........
722 1518 1694 1571 et

358 1634 387 1678 no
415 1655 1658 1676 ........................................
1687 1663 1694 1676 .

411 1760 1018 1779 ....................
1043 1716 1145 1777 ultoris
1169 1715 1311 1796 templum
1332 1735 1518 1798 quorumque
1532 1727 1693 1799 augustum

413 1830 443 1883 et
474 1820 616 1901 templum
645 1818 779 1900 apollinis
807 1816 837 1878 in
859 1818 920 1879 solo
948 1837 1083 1896 magnam
1106 1827 1218 1898 partem
1243 1865 1694 1884 ...............

410 1933 510 2005 empto
534 1923 588 1985 leci
610 1923 688 2003 quod
719 1941 772 1984 suo
795 1921 977 1985 nominem.
1001 1923 1128 1984 marcelli
1151 1924 1252 1984 ueneri
1275 1969 1693 1987 ..............

411 2027 547 2090 manibus
574 2027 605 2088 in
632 2025 766 2107 capitolio
794 2032 823 2086 et
851 2025 881 2086 in
912 2025 982 2086 aede
1010 2025 1070 2086 diui
1098 2024 1162 2087 iulii
1189 2033 1219 2086 et
1247 2027 1276 2087 iu
1306 2027 1375 2088 aede
1398 2027 1531 2107 apollinis
1555 2029 1635 2090 etin
1658 2049 1695 2090 ae

357 2151 384 2194 aa
413 2132 449 2192 de
486 2141 568 2193 ueste
605 2139 635 2192 et
670 2130 701 2190 in
738 2129 847 2210 templo
885 2129 986 2190 martis
1022 2129 1142 2190 uictoris
1178 2130 1349 2191 consecraui
1384 2149 1458 2209 quae
1492 2131 1564 2191 mibi
1596 2133 1693 2194 consti

411 2235 557 2316 teruut⁹⁸)
610 2234 724 2295 circiter
779 2232 905 2294 millenis
960 2232 1023 2294 auri
1075 2232 1209 2294 coronari
1219 2233 1259 2313 ²⁰)
1307 2233 1405 2314 pondo
1454 2234 1571 2313 triginta
1618 2236 1693 2314 quin

410 2359 467 2420 que
493 2337 618 2399 millium
645 2334 813 2416 municipiis
846 2345 875 2396 et
901 2335 1022 2396 coloniis
1032 2334 1071 2413 80)
1097 2335 1193 2398 italiae
1219 2335 1438 2398 conterentibus
1464 2356 1498 2398 ac
1526 2337 1692 2419 triumphos

412 2463 494 2506 meos
523 2442 658 2522 quintum
690 2439 792 2501 consul
813 2437 914 2499 remisi
937 2447 966 2500 et
987 2447 1086 2518 postea
1110 2438 1364 2519 quotienscunque
1386 2441 1545 2522 imperator
1568 2462 1595 2503 m
1621 2489 1628 2504 .
1651 2489 1658 2504 .
1683 2476 1691 2490 ·

414 2589 704 2608 ..........
733 2543 797 2604 auri
834 2541 1019 2604 coronarium
1051 2562 1111 2605 non
1141 2543 1237 2625 accepi
1268 2543 1493 2606 decernentibus
1522 2545 1691 2627 municipiis

358 2670 385 2713 so
413 2692 1237 2711 ...........................
1260 2665 1334 2726 quae
1361 2655 1428 2709 ante
1436 2645 1475 2727 81)
1503 2647 1689 2712 decreueram

361 2775 388 2818 ss
416 2795 1396 2815 ................................
1421 2760 1538 2833 tempus
1553 2754 1688 2816 defuncta

357 2879 384 2923 to
410 2877 476 2920 rum
500 2852 752 2928 addcanarum⁸²t
776 2871 842 2914 meo
865 2853 982 2917 nomine
1004 2862 1055 2915 aut
1077 2853 1203 2914 filiorum
1226 2872 1360 2916 meorum
1384 2864 1413 2916 et
1436 2867 1578 2936 nepotum
1599 2857 1628 2917 iu
1649 2857 1692 2918 cir

411 2982 446 3024 co
475 3005 544 3022 ...
569 3006 575 3020 .
603 2967 654 3020 aut
685 2959 715 3019 in
744 2955 852 3036 loro·⁸³)
879 2967 931 3019 aut
961 2957 991 3019 in
1021 2957 1243 3038 amphitheatris
1271 2958 1360 3039 popul
1388 3005 1551 3020 ......
1583 2961 1691 3041 quibus

410 3067 541 3126 conlecta
599 3070 669 3123 sunt
726 3059 887 3121 bestiarum
946 3060 1061 3122 circiter
1119 3060 1209 3122 trium
1268 3062 1391 3124 millium
1448 3074 1477 3125 et
1533 3065 1693 3144 quingenta

411 3167 523 3229 naualis
560 3165 660 3246 praelii
705 3165 903 3245 spectaculum
945 3165 1034 3245 popul
1072 3210 1266 3226 .......
1304 3166 1428 3227 liberum
1467 3166 1498 3228 iu
1534 3187 1593 3247 quo
1629 3169 1692 3230 loco

411 3288 491 3332 nunc
526 3287 632 3330 nemus
669 3278 714 3331 est
749 3287 900 3330 caesarum
938 3278 1041 3330 cauato
1070 3313 1359 3331 ..........
1393 3270 1574 3350 longitudine
1611 3273 1690 3334 mille

359 3395 385 3438 rs
414 3384 443 3436 et
496 3373 680 3452 octingentos
733 3373 821 3453 pedes
869 3372 900 3432 in
955 3372 1107 3435 latitudine
1157 3373 1246 3454 pedes
1297 3373 1416 3436 ducenti
1463 3373 1495 3434 in
1543 3394 1602 3454 quo
1651 3376 1690 3437 tri

411 3477 490 3556 ginta
526 3484 651 3537 nostrate
689 3493 778 3536 naues
815 3474 1006 3555 triremesque
1043 3475 1187 3556 plurimae
1210 3521 1690 3540 ................

412 3597 546 3641 rumores
573 3577 650 3639 inter
679 3596 709 3639 se
743 3576 936 3638 condixerunt
958 3624 965 3637 .
989 3624 996 3639 .
1021 3624 1028 3638 .
1052 3564 1069 3637 .’
1084 3623 1690 3644 ....................

412 3690 483 3744 runt
519 3690 634 3762 praeter
670 3679 794 3760 remiges
831 3679 920 3742 millia
958 3727 1152 3742 .......
1191 3683 1307 3745 circiter
1337 3731 1692 3747 ............

411 3786 442 3848 in
486 3784 602 3865 templis
638 3783 770 3846 omnium
814 3783 978 3846 ciuitatium
1019 3805 1038 3866 p
1078 3831 1272 3847 .......
1311 3795 1339 3849 et
1375 3789 1452 3850 asiae
1488 3791 1584 3852 uictor
1620 3809 1692 3852 orna

358 3911 385 3953 ao
414 3897 512 3952 menta
549 3888 666 3968 reposui
701 3907 776 3967 quae
812 3887 942 3968 spoliatis
979 3890 1095 3970 templis
1120 3937 1691 3955 ...................

414 3991 552 4073 priuatim
576 3991 746 4072 possederat
768 3999 880 4052 statuae
902 4037 1692 4058 ..........................

412 4095 603 4175 quadragenis
657 4093 801 4173 argenteis
856 4102 1003 4156 steterunt
1055 4095 1086 4155 in
1141 4095 1213 4157 urbe
1267 4115 1300 4157 ac
1348 4097 1463 4160 circiter
1510 4119 1582 4179 quas
1631 4101 1693 4180 ipse

413 4197 519 4260 sustuli
552 4218 587 4258 ex
619 4216 676 4276 qua
710 4197 745 4259 de
778 4198 901 4277 pecunia
934 4199 1010 4260 dona
1043 4217 1130 4260 aurea
1160 4199 1192 4261 iu
1225 4201 1327 4262 aedem
1356 4200 1489 4280 apollinis
1517 4221 1582 4265 meo
1610 4204 1692 4265 nomi

413 4322 449 4364 ne
499 4311 528 4364 et
576 4301 703 4364 liliorum
752 4321 827 4382 quae
880 4301 953 4363 mibi
1003 4311 1171 4366 statuerunt
1213 4303 1353 4366 bonorem
1399 4304 1565 4368 babuerunt
1606 4308 1693 4388 posui

292 4505 503 4516 ———·

392 4645 424 4711 ¹⁵)
442 4645 562 4712 pardulo
631 4645 661 4708 ²⁸)
681 4644 848 4696 heredibusu
925 4644 956 4711 ¹¹)
974 4644 1100 4710 templsu
1168 4645 1200 4711 ²⁸)
1216 4657 1254 4700 trs
1270 4648 1354 4697 iano
1416 4648 1448 4714 ²⁹)
1466 4649 1596 4700 coronarii
1613 4665 1693 4700 manu

292 4729 403 4783 secunda
421 4729 450 4781 V
526 4731 560 4794 ⁸⁰)
578 4731 709 4781 colonisc
797 4731 828 4792 ³¹)
849 4738 955 4782 auteur
1044 4730 1076 4796 ⁸²)
1094 4727 1296 4783 alrieanarnnu
1387 4733 1418 4796 ⁸⁸)
1437 4735 1463 4785 in
1481 4733 1552 4784 circo
1570 4733 1691 4785 aucnioro

293 4825 338 4869 ant
355 4818 379 4867 iu
398 4815 487 4867 lorov
