<?xml version="1.0" encoding="UTF-8"?>
<!DOCTYPE html PUBLIC "-//W3C//DTD XHTML 1.0 Transitional//EN"
    "http://www.w3.org/TR/xhtml1/DTD/xhtml1-transitional.dtd">
<html xmlns="http://www.w3.org/1999/xhtml" xml:lang="en" lang="en">
 <head>
  <title>
</title>
<meta http-equiv="Content-Type" content="text/html;charset=utf-8" />
  <meta name='ocr-system' content='tesseract 3.04.00' />
  <meta name='ocr-capabilities' content='ocr_page ocr_carea ocr_par ocr_line ocrx_word'/>
</head>
<body>
  <div class='ocr_page' id='page_1' title='image "./resgestaediviau00augugoog_0242.png"; bbox 0 0 3656 5434; ppageno 0'>
   <div class='ocr_carea' id='block_1_1' title="bbox 647 431 1524 500">
    <p class='ocr_par' dir='ltr' id='par_1_1' title="bbox 647 431 1524 500">
     <span class='ocr_line' id='line_1_1' title="bbox 647 431 1524 500; baseline 0.019 -16"><span class='ocrx_word' id='word_1_1' title='bbox 647 431 803 488; x_wconf 79' lang='lat' dir='ltr'><strong>TITVLVS</strong></span> <span class='ocrx_word' id='word_1_2' title='bbox 822 431 1045 488; x_wconf 82' lang='lat' dir='ltr'><strong>TIBVRTINVS</strong></span> <span class='ocrx_word' id='word_1_3' title='bbox 1463 439 1524 500; x_wconf 80' lang='grc'><strong>177</strong></span> 
     </span>
    </p>
   </div>
   <div class='ocr_carea' id='block_1_2' title="bbox 168 611 1528 1107">
    <p class='ocr_par' dir='ltr' id='par_1_2' title="bbox 168 611 1525 796">
     <span class='ocr_line' id='line_1_2' title="bbox 168 611 1525 693; baseline 0.003 -21"><span class='ocrx_word' id='word_1_4' title='bbox 168 619 371 691; x_wconf 81' lang='lat' dir='ltr'>praeterquam</span> <span class='ocrx_word' id='word_1_5' title='bbox 388 611 466 691; x_wconf 91' lang='lat' dir='ltr'><strong>quod</strong></span> <span class='ocrx_word' id='word_1_6' title='bbox 483 611 628 673; x_wconf 84' lang='lat' dir='ltr'><strong>Herodem</strong></span> <span class='ocrx_word' id='word_1_7' title='bbox 646 612 721 673; x_wconf 89' lang='lat' dir='ltr'><strong>male</strong></span> <span class='ocrx_word' id='word_1_8' title='bbox 737 611 867 684; x_wconf 78' lang='lat' dir='ltr'><strong>adscivit,</strong></span> <span class='ocrx_word' id='word_1_9' title='bbox 891 632 925 674; x_wconf 95' lang='lat' dir='ltr'><strong>eo</strong></span> <span class='ocrx_word' id='word_1_10' title='bbox 941 613 1002 674; x_wconf 90' lang='lat' dir='ltr'><strong>solo</strong></span> <span class='ocrx_word' id='word_1_11' title='bbox 1025 611 1146 674; x_wconf 91' lang='lat' dir='ltr'><strong>nomine</strong></span> <span class='ocrx_word' id='word_1_12' title='bbox 1168 613 1284 687; x_wconf 88' lang='lat' dir='ltr'><strong>erravit,</strong></span> <span class='ocrx_word' id='word_1_13' title='bbox 1308 613 1387 693; x_wconf 92' lang='lat' dir='ltr'><strong>quod</strong></span> <span class='ocrx_word' id='word_1_14' title='bbox 1403 632 1525 676; x_wconf 91' lang='lat' dir='ltr'><strong>censum</strong></span> 
     </span>
     <span class='ocr_line' id='line_1_3' title="bbox 168 714 1201 796; baseline 0.001 -21"><span class='ocrx_word' id='word_1_15' title='bbox 168 733 204 775; x_wconf 81' lang='lat' dir='ltr'><strong>er</strong></span> <span class='ocrx_word' id='word_1_16' title='bbox 226 714 352 786; x_wconf 81' lang='lat' dir='ltr'><strong>Quirinii</strong></span> <span class='ocrx_word' id='word_1_17' title='bbox 374 715 629 777; x_wconf 79' lang='lat' dir='ltr'><strong>administratione</strong></span> <span class='ocrx_word' id='word_1_18' title='bbox 652 715 813 795; x_wconf 90' lang='lat' dir='ltr'><strong>posteriore</strong></span> <span class='ocrx_word' id='word_1_19' title='bbox 838 715 986 777; x_wconf 76' lang='lat' dir='ltr'><strong>transtulit</strong></span> <span class='ocrx_word' id='word_1_20' title='bbox 1009 715 1039 776; x_wconf 94' lang='lat' dir='ltr'><strong>in</strong></span> <span class='ocrx_word' id='word_1_21' title='bbox 1062 715 1201 796; x_wconf 86' lang='lat' dir='ltr'><strong>priorem.</strong></span> 
     </span>
    </p>

    <p class='ocr_par' dir='ltr' id='par_1_3' title="bbox 168 816 1528 1000">
     <span class='ocr_line' id='line_1_4' title="bbox 252 816 1528 899; baseline 0.002 -21"><span class='ocrx_word' id='word_1_22' title='bbox 252 817 298 878; x_wconf 87' lang='lat' dir='ltr'><strong>lv.</strong></span> <span class='ocrx_word' id='word_1_23' title='bbox 332 816 415 878; x_wconf 88' lang='lat' dir='ltr'><strong>Iliern</strong></span> <span class='ocrx_word' id='word_1_24' title='bbox 437 817 509 879; x_wconf 92' lang='lat' dir='ltr'><strong>obiit</strong></span> <span class='ocrx_word' id='word_1_25' title='bbox 523 818 676 891; x_wconf 85' lang='lat' dir='ltr'><strong>Quirinius</strong></span> <span class='ocrx_word' id='word_1_26' title='bbox 699 826 773 880; x_wconf 89' lang='lat' dir='ltr'><strong>teste</strong></span> <span class='ocrx_word' id='word_1_27' title='bbox 793 817 893 880; x_wconf 88' lang='lat' dir='ltr'><strong>Tacito</strong></span> <span class='ocrx_word' id='word_1_28' title='bbox 916 819 997 898; x_wconf 89' lang='lat' dir='ltr'><strong>(ann.</strong></span> <span class='ocrx_word' id='word_1_29' title='bbox 1014 818 1043 892; x_wconf 85' lang='lat'><strong>3,</strong></span> <span class='ocrx_word' id='word_1_30' title='bbox 1061 819 1116 898; x_wconf 88' lang='grc'><strong>48)</strong></span> <span class='ocrx_word' id='word_1_31' title='bbox 1139 818 1321 899; x_wconf 82' lang='lat' dir='ltr'><strong>grandaevus</strong></span> <span class='ocrx_word' id='word_1_32' title='bbox 1343 839 1368 881; x_wconf 92' lang='lat' dir='ltr'><strong>a.</strong></span> <span class='ocrx_word' id='word_1_33' title='bbox 1382 839 1411 882; x_wconf 91' lang='lat' dir='ltr'><strong>u.</strong></span> <span class='ocrx_word' id='word_1_34' title='bbox 1424 839 1448 881; x_wconf 89' lang='lat' dir='ltr'><strong>c.</strong></span> <span class='ocrx_word' id='word_1_35' title='bbox 1466 821 1528 881; x_wconf 92' lang='grc'><strong>774</strong></span> 
     </span>
     <span class='ocr_line' id='line_1_5' title="bbox 168 915 903 1000; baseline 0 -20"><span class='ocrx_word' id='word_1_36' title='bbox 168 919 228 980; x_wconf 85' lang='lat' dir='ltr'><strong>sire</strong></span> <span class='ocrx_word' id='word_1_37' title='bbox 251 939 279 1000; x_wconf 91' lang='lat' dir='ltr'><strong>p.</strong></span> <span class='ocrx_word' id='word_1_38' title='bbox 303 919 370 980; x_wconf 90' lang='lat' dir='ltr'><strong>Chr.</strong></span> <span class='ocrx_word' id='word_1_39' title='bbox 394 919 432 980; x_wconf 81' lang='lat'><strong>21</strong></span> <span class='ocrx_word' id='word_1_40' title='bbox 457 920 555 1000; x_wconf 90' lang='lat' dir='ltr'><strong>itaque</strong></span> <span class='ocrx_word' id='word_1_41' title='bbox 577 921 711 1000; x_wconf 77' lang='lat' dir='ltr'><strong>Augusto</strong></span> <span class='ocrx_word' id='word_1_42' title='bbox 734 915 903 1000; x_wconf 87' lang='lat' dir='ltr'><strong>supervixit.</strong></span> 
     </span>
    </p>

    <p class='ocr_par' dir='ltr' id='par_1_4' title="bbox 268 1022 1528 1107">
     <span class='ocr_line' id='line_1_6' title="bbox 268 1022 1528 1107; baseline 0.004 -24"><span class='ocrx_word' id='word_1_43' title='bbox 268 1023 453 1103; x_wconf 85' lang='lat' dir='ltr'><strong>Quapropter</strong></span> <span class='ocrx_word' id='word_1_44' title='bbox 475 1033 615 1103; x_wconf 91' lang='lat' dir='ltr'><strong>quattuor</strong></span> <span class='ocrx_word' id='word_1_45' title='bbox 637 1022 693 1084; x_wconf 93' lang='lat' dir='ltr'><strong>illis</strong></span> <span class='ocrx_word' id='word_1_46' title='bbox 716 1023 793 1085; x_wconf 92' lang='lat' dir='ltr'><strong>tituli</strong></span> <span class='ocrx_word' id='word_1_47' title='bbox 809 1024 956 1086; x_wconf 89' lang='lat' dir='ltr'><strong>Tiburtini</strong></span> <span class='ocrx_word' id='word_1_48' title='bbox 978 1025 1095 1087; x_wconf 90' lang='lat' dir='ltr'><strong>indiciis</strong></span> <span class='ocrx_word' id='word_1_49' title='bbox 1119 1044 1186 1088; x_wconf 91' lang='lat' dir='ltr'><strong>cum</strong></span> <span class='ocrx_word' id='word_1_50' title='bbox 1204 1025 1308 1106; x_wconf 92' lang='lat' dir='ltr'><strong>reliqui</strong></span> <span class='ocrx_word' id='word_1_51' title='bbox 1325 1025 1426 1107; x_wconf 80' lang='lat' dir='ltr'><strong>Syriae</strong></span> <span class='ocrx_word' id='word_1_52' title='bbox 1441 1027 1528 1106; x_wconf 82' lang='lat' dir='ltr'><strong>legati</strong></span> 
     </span>
    </p>
   </div>
   <div class='ocr_carea' id='block_1_3' title="bbox 168 1126 1529 1724">
    <p class='ocr_par' dir='ltr' id='par_1_5' title="bbox 168 1126 1529 1724">
     <span class='ocr_line' id='line_1_7' title="bbox 168 1126 1528 1206; baseline 0.003 -19"><span class='ocrx_word' id='word_1_53' title='bbox 168 1126 218 1206; x_wconf 90' lang='lat' dir='ltr'><strong>qui</strong></span> <span class='ocrx_word' id='word_1_54' title='bbox 247 1127 365 1206; x_wconf 91' lang='lat' dir='ltr'><strong>quidem</strong></span> <span class='ocrx_word' id='word_1_55' title='bbox 395 1126 458 1188; x_wconf 88' lang='lat' dir='ltr'><strong>noti</strong></span> <span class='ocrx_word' id='word_1_56' title='bbox 486 1127 544 1188; x_wconf 90' lang='lat' dir='ltr'><strong>sint</strong></span> <span class='ocrx_word' id='word_1_57' title='bbox 572 1127 764 1188; x_wconf 84' lang='lat' dir='ltr'><strong>excludantur</strong></span> <span class='ocrx_word' id='word_1_58' title='bbox 786 1145 903 1201; x_wconf 91' lang='lat' dir='ltr'><strong>omnes,</strong></span> <span class='ocrx_word' id='word_1_59' title='bbox 932 1129 967 1189; x_wconf 95' lang='lat' dir='ltr'><strong>de</strong></span> <span class='ocrx_word' id='word_1_60' title='bbox 991 1128 1052 1189; x_wconf 91' lang='lat' dir='ltr'><strong>solo</strong></span> <span class='ocrx_word' id='word_1_61' title='bbox 1075 1139 1172 1191; x_wconf 91' lang='lat' dir='ltr'><strong>autem</strong></span> <span class='ocrx_word' id='word_1_62' title='bbox 1197 1128 1331 1202; x_wconf 87' lang='lat' dir='ltr'><strong>Quirinio</strong></span> <span class='ocrx_word' id='word_1_63' title='bbox 1355 1147 1414 1190; x_wconf 90' lang='lat' dir='ltr'><strong>non</strong></span> <span class='ocrx_word' id='word_1_64' title='bbox 1439 1129 1528 1191; x_wconf 91' lang='lat' dir='ltr'><strong>modo</strong></span> 
     </span>
     <span class='ocr_line' id='line_1_8' title="bbox 168 1228 1529 1308; baseline 0.004 -19"><span class='ocrx_word' id='word_1_65' title='bbox 168 1228 242 1290; x_wconf 94' lang='lat' dir='ltr'><strong>nihil</strong></span> <span class='ocrx_word' id='word_1_66' title='bbox 270 1229 414 1302; x_wconf 90' lang='lat' dir='ltr'><strong>tradatur,</strong></span> <span class='ocrx_word' id='word_1_67' title='bbox 445 1230 523 1308; x_wconf 89' lang='lat' dir='ltr'><strong>quod</strong></span> <span class='ocrx_word' id='word_1_68' title='bbox 552 1248 618 1291; x_wconf 92' lang='lat' dir='ltr'><strong>cum</strong></span> <span class='ocrx_word' id='word_1_69' title='bbox 649 1229 735 1291; x_wconf 91' lang='lat' dir='ltr'><strong>titulo</strong></span> <span class='ocrx_word' id='word_1_70' title='bbox 763 1249 823 1291; x_wconf 96' lang='lat' dir='ltr'><strong>non</strong></span> <span class='ocrx_word' id='word_1_71' title='bbox 851 1239 929 1292; x_wconf 89' lang='lat' dir='ltr'><strong>recte</strong></span> <span class='ocrx_word' id='word_1_72' title='bbox 951 1231 1137 1305; x_wconf 79' lang='lat' dir='ltr'><strong>concilietur,</strong></span> <span class='ocrx_word' id='word_1_73' title='bbox 1165 1233 1328 1293; x_wconf 87' lang='lat' dir='ltr'><strong>sedetiam</strong></span> <span class='ocrx_word' id='word_1_74' title='bbox 1352 1232 1529 1294; x_wconf 86' lang='lat' dir='ltr'><strong>conveniant</strong></span> 
     </span>
     <span class='ocr_line' id='line_1_9' title="bbox 169 1331 1529 1415; baseline 0.003 -23"><span class='ocrx_word' id='word_1_75' title='bbox 169 1331 198 1393; x_wconf 92' lang='lat' dir='ltr'><strong>in</strong></span> <span class='ocrx_word' id='word_1_76' title='bbox 221 1353 289 1394; x_wconf 91' lang='lat' dir='ltr'><strong>eum</strong></span> <span class='ocrx_word' id='word_1_77' title='bbox 312 1333 383 1413; x_wconf 88' lang='lat' dir='ltr'><strong>ipsis</strong></span> <span class='ocrx_word' id='word_1_78' title='bbox 399 1333 572 1394; x_wconf 86' lang='lat' dir='ltr'><strong>adversariis</strong></span> <span class='ocrx_word' id='word_1_79' title='bbox 587 1333 747 1395; x_wconf 86' lang='lat' dir='ltr'><strong>latentibus</strong></span> <span class='ocrx_word' id='word_1_80' title='bbox 763 1343 935 1394; x_wconf 87' lang='lat' dir='ltr'><strong>ornamenta</strong></span> <span class='ocrx_word' id='word_1_81' title='bbox 953 1333 1149 1414; x_wconf 89' lang='lat' dir='ltr'><strong>triumphalia,</strong></span> <span class='ocrx_word' id='word_1_82' title='bbox 1173 1353 1253 1395; x_wconf 90' lang='lat' dir='ltr'><strong>mors</strong></span> <span class='ocrx_word' id='word_1_83' title='bbox 1269 1343 1337 1415; x_wconf 88' lang='lat' dir='ltr'><strong>post</strong></span> <span class='ocrx_word' id='word_1_84' title='bbox 1352 1335 1529 1414; x_wconf 76' lang='lat' dir='ltr'><strong>Augustum,</strong></span> 
     </span>
     <span class='ocr_line' id='line_1_10' title="bbox 169 1435 1529 1518; baseline 0.001 -22"><span class='ocrx_word' id='word_1_85' title='bbox 169 1435 293 1515; x_wconf 90' lang='lat' dir='ltr'><strong>denique</strong></span> <span class='ocrx_word' id='word_1_86' title='bbox 326 1435 405 1516; x_wconf 92' lang='lat' dir='ltr'><strong>quod</strong></span> <span class='ocrx_word' id='word_1_87' title='bbox 440 1435 601 1497; x_wconf 83' lang='lat' dir='ltr'><strong>maximum</strong></span> <span class='ocrx_word' id='word_1_88' title='bbox 633 1445 679 1498; x_wconf 88' lang='lat' dir='ltr'><strong>est</strong></span> <span class='ocrx_word' id='word_1_89' title='bbox 706 1437 803 1517; x_wconf 81' lang='lat' dir='ltr'><strong>Syriae</strong></span> <span class='ocrx_word' id='word_1_90' title='bbox 833 1437 937 1516; x_wconf 84' lang='lat' dir='ltr'><strong>legatio</strong></span> <span class='ocrx_word' id='word_1_91' title='bbox 965 1437 1090 1518; x_wconf 84' lang='lat' dir='ltr'><strong>duplex,</strong></span> <span class='ocrx_word' id='word_1_92' title='bbox 1124 1456 1199 1516; x_wconf 89' lang='lat' dir='ltr'><strong>quae</strong></span> <span class='ocrx_word' id='word_1_93' title='bbox 1229 1445 1346 1518; x_wconf 91' lang='lat' dir='ltr'><strong>praeter</strong></span> <span class='ocrx_word' id='word_1_94' title='bbox 1373 1438 1453 1500; x_wconf 89' lang='lat' dir='ltr'><strong>hunc</strong></span> <span class='ocrx_word' id='word_1_95' title='bbox 1480 1437 1529 1499; x_wconf 93' lang='lat' dir='ltr'><strong>alii</strong></span> 
     </span>
     <span class='ocr_line' id='line_1_11' title="bbox 169 1537 1524 1620; baseline 0.003 -22"><span class='ocrx_word' id='word_1_96' title='bbox 169 1537 242 1598; x_wconf 92' lang='lat' dir='ltr'><strong>nulli</strong></span> <span class='ocrx_word' id='word_1_97' title='bbox 269 1539 328 1599; x_wconf 93' lang='lat' dir='ltr'><strong>ullo</strong></span> <span class='ocrx_word' id='word_1_98' title='bbox 356 1547 488 1620; x_wconf 88' lang='lat' dir='ltr'><strong>ternpore</strong></span> <span class='ocrx_word' id='word_1_99' title='bbox 510 1538 626 1600; x_wconf 85' lang='lat' dir='ltr'><strong>ridetur</strong></span> <span class='ocrx_word' id='word_1_100' title='bbox 648 1538 796 1618; x_wconf 84' lang='lat' dir='ltr'><strong>obtigisse,</strong></span> <span class='ocrx_word' id='word_1_101' title='bbox 824 1538 949 1618; x_wconf 81' lang='lat' dir='ltr'><strong>elogium</strong></span> <span class='ocrx_word' id='word_1_102' title='bbox 973 1539 1163 1620; x_wconf 88' lang='lat' dir='ltr'><strong>probabiliter</strong></span> <span class='ocrx_word' id='word_1_103' title='bbox 1184 1540 1226 1602; x_wconf 88' lang='lat' dir='ltr'><strong>sic</strong></span> <span class='ocrx_word' id='word_1_104' title='bbox 1248 1540 1524 1620; x_wconf 79' lang='lat' dir='ltr'><strong>redintegrabimua,</strong></span> 
     </span>
     <span class='ocr_line' id='line_1_12' title="bbox 168 1638 1381 1724; baseline 0.004 -25"><span class='ocrx_word' id='word_1_105' title='bbox 168 1638 260 1719; x_wconf 87' lang='lat' dir='ltr'><strong>patris</strong></span> <span class='ocrx_word' id='word_1_106' title='bbox 282 1639 409 1712; x_wconf 88' lang='lat' dir='ltr'><strong>Quirinii</strong></span> <span class='ocrx_word' id='word_1_107' title='bbox 431 1640 621 1721; x_wconf 85' lang='lat' dir='ltr'><strong>praenomine</strong></span> <span class='ocrx_word' id='word_1_108' title='bbox 643 1641 754 1703; x_wconf 92' lang='lat' dir='ltr'><strong>adscito</strong></span> <span class='ocrx_word' id='word_1_109' title='bbox 777 1643 917 1704; x_wconf 78' lang='lat' dir='ltr'><strong>extortis</strong></span> <span class='ocrx_word' id='word_1_110' title='bbox 941 1641 1043 1704; x_wconf 88' lang='lat' dir='ltr'><strong>Dionia</strong></span> <span class='ocrx_word' id='word_1_111' title='bbox 1065 1643 1110 1723; x_wconf 91' lang='lat' dir='ltr'><strong>(C.</strong></span> <span class='ocrx_word' id='word_1_112' title='bbox 1127 1643 1148 1704; x_wconf 95' lang='lat' dir='ltr'><strong>l.</strong></span> <span class='ocrx_word' id='word_1_113' title='bbox 1166 1643 1226 1704; x_wconf 91' lang='lat' dir='ltr'><strong>L.l</strong></span> <span class='ocrx_word' id='word_1_114' title='bbox 1247 1663 1276 1724; x_wconf 93' lang='lat' dir='ltr'><strong>p.</strong></span> <span class='ocrx_word' id='word_1_115' title='bbox 1293 1644 1381 1720; x_wconf 83' lang='grc'><strong>547);</strong></span> 
     </span>
    </p>
   </div>
   <div class='ocr_carea' id='block_1_4' title="bbox 289 1831 1391 1900">
    <p class='ocr_par' dir='ltr' id='par_1_6' title="bbox 289 1831 1391 1900">
     <span class='ocr_line' id='line_1_13' title="bbox 289 1831 1391 1900; baseline 0.003 -18"><span class='ocrx_word' id='word_1_116' title='bbox 289 1847 315 1898; x_wconf 91' lang='lat' dir='ltr'><strong>p.</strong></span> <span class='ocrx_word' id='word_1_117' title='bbox 464 1831 589 1900; x_wconf 77' lang='lat' dir='ltr'><strong>sulpicius</strong></span> <span class='ocrx_word' id='word_1_118' title='bbox 728 1848 754 1900; x_wconf 86' lang='lat' dir='ltr'><strong>p.</strong></span> <span class='ocrx_word' id='word_1_119' title='bbox 913 1871 919 1884; x_wconf 87' lang='lat'><strong>.</strong></span> <span class='ocrx_word' id='word_1_120' title='bbox 1063 1835 1194 1899; x_wconf 73' lang='lat' dir='ltr'><strong>petrinius</strong></span> <span class='ocrx_word' id='word_1_121' title='bbox 1340 1849 1391 1886; x_wconf 81' lang='lat' dir='ltr'><strong>cor.</strong></span> 
     </span>
    </p>
   </div>
   <div class='ocr_carea' id='block_1_5' title="bbox 288 2281 1397 3251">
    <p class='ocr_par' dir='ltr' id='par_1_7' title="bbox 308 2281 1395 3012">
     <span class='ocr_line' id='line_1_14' title="bbox 308 2281 1392 2353; baseline 0.003 -22"><span class='ocrx_word' id='word_1_122' title='bbox 308 2281 410 2347; x_wconf 77' lang='lat' dir='ltr'><strong>legatur</strong></span> <span class='ocrx_word' id='word_1_123' title='bbox 449 2296 488 2350; x_wconf 89' lang='lat' dir='ltr'><strong>pr.</strong></span> <span class='ocrx_word' id='word_1_124' title='bbox 531 2298 573 2349; x_wconf 89' lang='lat' dir='ltr'><strong>pr.</strong></span> <span class='ocrx_word' id='word_1_125' title='bbox 622 2281 679 2332; x_wconf 74' lang='lat' dir='ltr'><strong>dine·</strong></span> <span class='ocrx_word' id='word_1_126' title='bbox 720 2285 827 2348; x_wconf 78' lang='lat' dir='ltr'><strong>arrguatr&#39;</strong></span> <span class='ocrx_word' id='word_1_127' title='bbox 875 2285 973 2348; x_wconf 70' lang='lat' dir='ltr'><strong>scyrium</strong></span> <span class='ocrx_word' id='word_1_128' title='bbox 1015 2287 1041 2334; x_wconf 89' lang='lat' dir='ltr'><strong>et</strong></span> <span class='ocrx_word' id='word_1_129' title='bbox 1083 2286 1219 2352; x_wconf 82' lang='lat' dir='ltr'><strong>phoenicen</strong></span> <span class='ocrx_word' id='word_1_130' title='bbox 1273 2287 1392 2353; x_wconf 73' lang='lat' dir='ltr'><strong>optinens</strong></span> 
     </span>
     <span class='ocr_line' id='line_1_15' title="bbox 308 2392 1394 2462; baseline 0.004 -18"><span class='ocrx_word' id='word_1_131' title='bbox 308 2392 399 2446; x_wconf 79' lang='lat' dir='ltr'><strong>bellarm</strong></span> <span class='ocrx_word' id='word_1_132' title='bbox 548 2396 631 2462; x_wconf 75' lang='lat' dir='ltr'><strong>gessit</strong></span> <span class='ocrx_word' id='word_1_133' title='bbox 788 2411 846 2446; x_wconf 87' lang='lat' dir='ltr'><strong>curn</strong></span> <span class='ocrx_word' id='word_1_134' title='bbox 996 2399 1073 2462; x_wconf 77' lang='lat' dir='ltr'><strong>gente</strong></span> <span class='ocrx_word' id='word_1_135' title='bbox 1224 2396 1394 2448; x_wconf 66' lang='lat' dir='ltr'><strong>maden-</strong></span> 
     </span>
     <span class='ocr_line' id='line_1_16' title="bbox 308 2507 1393 2577; baseline 0.002 -19"><span class='ocrx_word' id='word_1_136' title='bbox 308 2510 376 2558; x_wconf 76' lang='lat' dir='ltr'><strong>sr&#39;um</strong></span> <span class='ocrx_word' id='word_1_137' title='bbox 599 2525 663 2574; x_wconf 78' lang='lat' dir='ltr'><strong>puae</strong></span> <span class='ocrx_word' id='word_1_138' title='bbox 882 2507 1046 2572; x_wconf 74' lang='lat' dir='ltr'><strong>interfecerat</strong></span> <span class='ocrx_word' id='word_1_139' title='bbox 1258 2513 1393 2577; x_wconf 81' lang='lat' dir='ltr'><strong>amyrrtom</strong></span> 
     </span>
     <span class='ocr_line' id='line_1_17' title="bbox 316 2613 1393 2681; baseline 0 -19"><span class='ocrx_word' id='word_1_140' title='bbox 316 2624 426 2666; x_wconf 77' lang='lat' dir='ltr'><strong>racem</strong></span> <span class='ocrx_word' id='word_1_141' title='bbox 442 2635 450 2653; x_wconf 92' lang='lat'><strong>·</strong></span> <span class='ocrx_word' id='word_1_142' title='bbox 466 2624 542 2678; x_wconf 70' lang='lat' dir='ltr'><strong>Qvn</strong></span> <span class='ocrx_word' id='word_1_143' title='bbox 557 2635 565 2653; x_wconf 92' lang='lat'><strong>·</strong></span> <span class='ocrx_word' id='word_1_144' title='bbox 582 2623 757 2667; x_wconf 80' lang='lat' dir='ltr'><strong>nanncrn</strong></span> <span class='ocrx_word' id='word_1_145' title='bbox 773 2635 780 2650; x_wconf 91' lang='lat'><strong>·</strong></span> <span class='ocrx_word' id='word_1_146' title='bbox 797 2624 832 2664; x_wconf 83' lang='lat' dir='ltr'><strong>ru</strong></span> <span class='ocrx_word' id='word_1_147' title='bbox 849 2635 856 2650; x_wconf 91' lang='lat'><strong>·</strong></span> <span class='ocrx_word' id='word_1_148' title='bbox 873 2614 1050 2665; x_wconf 77' lang='lat' dir='ltr'><strong>rorestatem</strong></span> <span class='ocrx_word' id='word_1_149' title='bbox 1201 2613 1261 2681; x_wconf 79' lang='lat' dir='ltr'><strong>imp.</strong></span> <span class='ocrx_word' id='word_1_150' title='bbox 1279 2615 1393 2664; x_wconf 74' lang='lat' dir='ltr'><strong>oneraris</strong></span> 
     </span>
     <span class='ocr_line' id='line_1_18' title="bbox 312 2721 1395 2792; baseline 0 -16"><span class='ocrx_word' id='word_1_151' title='bbox 312 2735 479 2778; x_wconf 79' lang='lat' dir='ltr'><strong>nvovsrr</strong></span> <span class='ocrx_word' id='word_1_152' title='bbox 496 2747 504 2764; x_wconf 89' lang='lat'><strong>·</strong></span> <span class='ocrx_word' id='word_1_153' title='bbox 521 2721 734 2792; x_wconf 70' lang='lat' dir='ltr'><strong>rorvtles</strong></span> <span class='ocrx_word' id='word_1_154' title='bbox 751 2750 758 2765; x_wconf 91' lang='lat'><strong>·</strong></span> <span class='ocrx_word' id='word_1_155' title='bbox 775 2735 924 2778; x_wconf 77' lang='grc' dir='ltr'>ιιοιιΑιιι</span> <span class='ocrx_word' id='word_1_156' title='bbox 942 2749 949 2764; x_wconf 84' lang='grc'>·</span> <span class='ocrx_word' id='word_1_157' title='bbox 967 2735 1126 2778; x_wconf 75' lang='grc' dir='ltr'><strong>εειιΑτνε</strong></span> <span class='ocrx_word' id='word_1_158' title='bbox 1142 2723 1184 2775; x_wconf 76' lang='lat' dir='ltr'><strong>dis</strong></span> <span class='ocrx_word' id='word_1_159' title='bbox 1206 2726 1395 2778; x_wconf 63' lang='lat' dir='ltr'><strong>ammantibus</strong></span> 
     </span>
     <span class='ocr_line' id='line_1_19' title="bbox 313 2838 1395 2909; baseline 0 -15"><span class='ocrx_word' id='word_1_160' title='bbox 313 2838 1395 2909; x_wconf 54' lang='lat' dir='ltr'><strong>svrrncnrroussulnus-omes·enosmraatoogesrasu</strong></span> 
     </span>
     <span class='ocr_line' id='line_1_20' title="bbox 320 2955 1309 3012; baseline -0.002 -3"><span class='ocrx_word' id='word_1_161' title='bbox 320 2969 386 3011; x_wconf 86' lang='lat' dir='ltr'><strong>rrsr</strong></span> <span class='ocrx_word' id='word_1_162' title='bbox 453 2981 461 2996; x_wconf 94' lang='lat'><strong>·</strong></span> <span class='ocrx_word' id='word_1_163' title='bbox 526 2968 759 3012; x_wconf 74' lang='lat' dir='ltr'><strong>onnnmeurn</strong></span> <span class='ocrx_word' id='word_1_164' title='bbox 824 2981 833 2999; x_wconf 67' lang='grc' dir='ltr'><strong><em>ο</em></strong></span> <span class='ocrx_word' id='word_1_165' title='bbox 898 2957 1119 3010; x_wconf 80' lang='lat' dir='ltr'><strong>rnrvmrnatta</strong></span> <span class='ocrx_word' id='word_1_166' title='bbox 1198 2955 1309 3008; x_wconf 70' lang='lat' dir='ltr'><strong>demmin</strong></span> 
     </span>
    </p>

    <p class='ocr_par' dir='ltr' id='par_1_8' title="bbox 288 3071 1397 3251">
     <span class='ocr_line' id='line_1_21' title="bbox 288 3071 1393 3140; baseline -0.001 -15"><span class='ocrx_word' id='word_1_167' title='bbox 288 3084 360 3127; x_wconf 85' lang='lat' dir='ltr'><strong>eno</strong></span> <span class='ocrx_word' id='word_1_168' title='bbox 383 3083 554 3128; x_wconf 80' lang='lat' dir='ltr'><strong>·c0usvt</strong></span> <span class='ocrx_word' id='word_1_169' title='bbox 569 3097 576 3112; x_wconf 93' lang='lat'><strong>·</strong></span> <span class='ocrx_word' id='word_1_170' title='bbox 592 3085 707 3127; x_wconf 69' lang='lat' dir='ltr'><strong>esrum</strong></span> <span class='ocrx_word' id='word_1_171' title='bbox 723 3098 731 3114; x_wconf 91' lang='lat'><strong>·</strong></span> <span class='ocrx_word' id='word_1_172' title='bbox 748 3084 991 3127; x_wconf 78' lang='lat' dir='ltr'><strong>enovrucrnm</strong></span> <span class='ocrx_word' id='word_1_173' title='bbox 1008 3109 1015 3126; x_wconf 85' lang='lat'><strong>.</strong></span> <span class='ocrx_word' id='word_1_174' title='bbox 1032 3075 1159 3126; x_wconf 71' lang='lat' dir='ltr'><strong>optinuit</strong></span> <span class='ocrx_word' id='word_1_175' title='bbox 1177 3071 1280 3136; x_wconf 73' lang='lat' dir='ltr'><strong>legatus</strong></span> <span class='ocrx_word' id='word_1_176' title='bbox 1294 3087 1336 3140; x_wconf 83' lang='lat' dir='ltr'><strong>pr.</strong></span> <span class='ocrx_word' id='word_1_177' title='bbox 1353 3089 1393 3140; x_wconf 85' lang='lat' dir='ltr'><strong>pr.</strong></span> 
     </span>
     <span class='ocr_line' id='line_1_22' title="bbox 314 3181 1397 3251; baseline -0.006 -13"><span class='ocrx_word' id='word_1_178' title='bbox 314 3181 423 3240; x_wconf 86' lang='lat' dir='ltr'><strong>olvl·</strong></span> <span class='ocrx_word' id='word_1_179' title='bbox 450 3197 615 3240; x_wconf 82' lang='lat' dir='ltr'><strong>nvovsrr</strong></span> <span class='ocrx_word' id='word_1_180' title='bbox 643 3187 779 3239; x_wconf 81' lang='lat' dir='ltr'><strong>irsnvm</strong></span> <span class='ocrx_word' id='word_1_181' title='bbox 801 3210 808 3224; x_wconf 89' lang='lat'><strong>·</strong></span> <span class='ocrx_word' id='word_1_182' title='bbox 832 3196 973 3239; x_wconf 75' lang='lat' dir='ltr'><strong>santum</strong></span> <span class='ocrx_word' id='word_1_183' title='bbox 997 3209 1004 3222; x_wconf 94' lang='lat'><strong>·</strong></span> <span class='ocrx_word' id='word_1_184' title='bbox 1029 3196 1068 3237; x_wconf 82' lang='lat' dir='ltr'><strong>nr</strong></span> <span class='ocrx_word' id='word_1_185' title='bbox 1089 3211 1095 3226; x_wconf 92' lang='lat'><strong>·</strong></span> <span class='ocrx_word' id='word_1_186' title='bbox 1117 3185 1259 3236; x_wconf 80' lang='lat' dir='ltr'><strong>rnoentcen</strong></span> <span class='ocrx_word' id='word_1_187' title='bbox 1287 3186 1397 3251; x_wconf 76' lang='lat' dir='ltr'><strong>optinuit</strong></span> 
     </span>
    </p>
   </div>
   <div class='ocr_carea' id='block_1_6' title="bbox 154 3383 1535 4805">
    <p class='ocr_par' dir='ltr' id='par_1_9' title="bbox 154 3383 1535 4805">
     <span class='ocr_line' id='line_1_23' title="bbox 272 3383 1532 3469; baseline -0.003 -21"><span class='ocrx_word' id='word_1_188' title='bbox 272 3387 314 3448; x_wconf 93' lang='lat' dir='ltr'><strong>lta</strong></span> <span class='ocrx_word' id='word_1_189' title='bbox 341 3387 493 3460; x_wconf 87' lang='lat' dir='ltr'><strong>Quirinius</strong></span> <span class='ocrx_word' id='word_1_190' title='bbox 520 3396 588 3469; x_wconf 90' lang='lat' dir='ltr'><strong>post</strong></span> <span class='ocrx_word' id='word_1_191' title='bbox 614 3398 747 3469; x_wconf 90' lang='lat' dir='ltr'><strong>peractos</strong></span> <span class='ocrx_word' id='word_1_192' title='bbox 775 3387 877 3450; x_wconf 90' lang='lat' dir='ltr'><strong>ordine</strong></span> <span class='ocrx_word' id='word_1_193' title='bbox 907 3387 1036 3449; x_wconf 87' lang='lat' dir='ltr'><strong>minores</strong></span> <span class='ocrx_word' id='word_1_194' title='bbox 1066 3386 1194 3447; x_wconf 85' lang='lat' dir='ltr'><strong>honores</strong></span> <span class='ocrx_word' id='word_1_195' title='bbox 1223 3383 1476 3464; x_wconf 71' lang='lat' dir='ltr'><strong>(loseph.18‚l,</strong></span> <span class='ocrx_word' id='word_1_196' title='bbox 1501 3383 1532 3464; x_wconf 89' lang='lat'><strong>1)</strong></span> 
     </span>
     <span class='ocr_line' id='line_1_24' title="bbox 173 3486 1531 3572; baseline -0.001 -22"><span class='ocrx_word' id='word_1_197' title='bbox 173 3490 337 3570; x_wconf 87' lang='lat' dir='ltr'><strong>praetorius</strong></span> <span class='ocrx_word' id='word_1_198' title='bbox 368 3510 420 3571; x_wconf 93' lang='lat' dir='ltr'><strong>pro</strong></span> <span class='ocrx_word' id='word_1_199' title='bbox 450 3491 570 3552; x_wconf 92' lang='lat' dir='ltr'><strong>consule</strong></span> <span class='ocrx_word' id='word_1_200' title='bbox 594 3492 723 3572; x_wconf 83' lang='lat' dir='ltr'><strong>Cyprum</strong></span> <span class='ocrx_word' id='word_1_201' title='bbox 751 3500 781 3553; x_wconf 92' lang='lat' dir='ltr'><strong>et</strong></span> <span class='ocrx_word' id='word_1_202' title='bbox 803 3493 930 3571; x_wconf 88' lang='lat' dir='ltr'><strong>Cyrenas</strong></span> <span class='ocrx_word' id='word_1_203' title='bbox 958 3489 1175 3551; x_wconf 85' lang='lat' dir='ltr'><strong>administrarit</strong></span> <span class='ocrx_word' id='word_1_204' title='bbox 1197 3496 1226 3549; x_wconf 88' lang='lat' dir='ltr'><strong>ct</strong></span> <span class='ocrx_word' id='word_1_205' title='bbox 1248 3487 1277 3548; x_wconf 93' lang='lat' dir='ltr'><strong>in</strong></span> <span class='ocrx_word' id='word_1_206' title='bbox 1300 3506 1335 3548; x_wconf 90' lang='lat' dir='ltr'><strong>eo</strong></span> <span class='ocrx_word' id='word_1_207' title='bbox 1358 3486 1531 3566; x_wconf 80' lang='lat' dir='ltr'><strong>magistratu</strong></span> 
     </span>
     <span class='ocr_line' id='line_1_25' title="bbox 171 3589 1533 3668; baseline -0.004 -14"><span class='ocrx_word' id='word_1_208' title='bbox 171 3593 361 3655; x_wconf 88' lang='lat' dir='ltr'><strong>Marmaridas</strong></span> <span class='ocrx_word' id='word_1_209' title='bbox 390 3602 420 3655; x_wconf 89' lang='lat' dir='ltr'><strong>et</strong></span> <span class='ocrx_word' id='word_1_210' title='bbox 442 3595 636 3656; x_wconf 89' lang='lat' dir='ltr'><strong>Garamantes</strong></span> <span class='ocrx_word' id='word_1_211' title='bbox 666 3594 788 3656; x_wconf 88' lang='lat' dir='ltr'><strong>domuit.</strong></span> <span class='ocrx_word' id='word_1_212' title='bbox 833 3593 942 3656; x_wconf 89' lang='lat' dir='ltr'><strong>Deinde</strong></span> <span class='ocrx_word' id='word_1_213' title='bbox 964 3613 989 3654; x_wconf 88' lang='lat' dir='ltr'><strong>a.</strong></span> <span class='ocrx_word' id='word_1_214' title='bbox 1007 3591 1068 3652; x_wconf 80' lang='grc'><strong>742</strong></span> <span class='ocrx_word' id='word_1_215' title='bbox 1097 3591 1201 3652; x_wconf 88' lang='lat' dir='ltr'><strong>consul</strong></span> <span class='ocrx_word' id='word_1_216' title='bbox 1222 3592 1320 3651; x_wconf 88' lang='lat' dir='ltr'><strong>tactus</strong></span> <span class='ocrx_word' id='word_1_217' title='bbox 1342 3597 1395 3650; x_wconf 88' lang='lat' dir='ltr'><strong>est.</strong></span> <span class='ocrx_word' id='word_1_218' title='bbox 1441 3589 1533 3668; x_wconf 84' lang='lat' dir='ltr'><strong>Lega-</strong></span> 
     </span>
     <span class='ocr_line' id='line_1_26' title="bbox 173 3691 1532 3779; baseline -0.003 -23"><span class='ocrx_word' id='word_1_219' title='bbox 173 3704 221 3757; x_wconf 87' lang='lat' dir='ltr'><strong>tus</strong></span> <span class='ocrx_word' id='word_1_220' title='bbox 243 3696 367 3775; x_wconf 80' lang='lat' dir='ltr'><strong>Augusti</strong></span> <span class='ocrx_word' id='word_1_221' title='bbox 389 3715 443 3777; x_wconf 94' lang='lat' dir='ltr'><strong>pro</strong></span> <span class='ocrx_word' id='word_1_222' title='bbox 465 3706 599 3777; x_wconf 89' lang='lat' dir='ltr'><strong>praetore</strong></span> <span class='ocrx_word' id='word_1_223' title='bbox 623 3697 721 3779; x_wconf 88' lang='lat' dir='ltr'><strong>Syriae</strong></span> <span class='ocrx_word' id='word_1_224' title='bbox 744 3705 774 3758; x_wconf 88' lang='lat' dir='ltr'><strong>et</strong></span> <span class='ocrx_word' id='word_1_225' title='bbox 795 3697 955 3758; x_wconf 88' lang='lat' dir='ltr'><strong>Phoenices</strong></span> <span class='ocrx_word' id='word_1_226' title='bbox 978 3715 1003 3757; x_wconf 90' lang='lat' dir='ltr'><strong>a.</strong></span> <span class='ocrx_word' id='word_1_227' title='bbox 1027 3697 1098 3756; x_wconf 84' lang='grc'>751.</span> <span class='ocrx_word' id='word_1_228' title='bbox 1121 3693 1182 3754; x_wconf 80' lang='grc'><strong>752</strong></span> <span class='ocrx_word' id='word_1_229' title='bbox 1205 3691 1479 3754; x_wconf 87' lang='lat' dir='ltr'><strong>Homonadensibus</strong></span> <span class='ocrx_word' id='word_1_230' title='bbox 1501 3693 1532 3753; x_wconf 93' lang='lat' dir='ltr'><strong>in</strong></span> 
     </span>
     <span class='ocr_line' id='line_1_27' title="bbox 171 3793 1533 3880; baseline -0.005 -20"><span class='ocrx_word' id='word_1_231' title='bbox 171 3798 279 3860; x_wconf 86' lang='lat' dir='ltr'><strong>Pisidia</strong></span> <span class='ocrx_word' id='word_1_232' title='bbox 301 3799 385 3860; x_wconf 86' lang='lat' dir='ltr'><strong>victis</strong></span> <span class='ocrx_word' id='word_1_233' title='bbox 408 3800 480 3860; x_wconf 89' lang='lat' dir='ltr'><strong>duas</strong></span> <span class='ocrx_word' id='word_1_234' title='bbox 504 3800 731 3880; x_wconf 83' lang='lat' dir='ltr'><strong>supplicationes</strong></span> <span class='ocrx_word' id='word_1_235' title='bbox 760 3808 790 3860; x_wconf 87' lang='lat' dir='ltr'><strong>et</strong></span> <span class='ocrx_word' id='word_1_236' title='bbox 812 3807 984 3859; x_wconf 88' lang='lat' dir='ltr'><strong>ornamenta</strong></span> <span class='ocrx_word' id='word_1_237' title='bbox 1008 3797 1195 3877; x_wconf 86' lang='lat' dir='ltr'><strong>triumphalia</strong></span> <span class='ocrx_word' id='word_1_238' title='bbox 1220 3794 1336 3858; x_wconf 88' lang='lat' dir='ltr'><strong>meruit.</strong></span> <span class='ocrx_word' id='word_1_239' title='bbox 1381 3793 1438 3854; x_wconf 90' lang='lat' dir='ltr'><strong>Pro</strong></span> <span class='ocrx_word' id='word_1_240' title='bbox 1461 3812 1533 3854; x_wconf 90' lang='lat' dir='ltr'><strong>con-</strong></span> 
     </span>
     <span class='ocr_line' id='line_1_28' title="bbox 176 3897 1533 3982; baseline -0.004 -20"><span class='ocrx_word' id='word_1_241' title='bbox 176 3901 239 3962; x_wconf 90' lang='lat' dir='ltr'><strong>sule</strong></span> <span class='ocrx_word' id='word_1_242' title='bbox 261 3901 358 3963; x_wconf 83' lang='lat' dir='ltr'><strong>hsiam</strong></span> <span class='ocrx_word' id='word_1_243' title='bbox 383 3901 511 3963; x_wconf 91' lang='lat' dir='ltr'><strong>obtinuit</strong></span> <span class='ocrx_word' id='word_1_244' title='bbox 532 3910 583 3962; x_wconf 92' lang='lat' dir='ltr'><strong>aut</strong></span> <span class='ocrx_word' id='word_1_245' title='bbox 604 3921 630 3963; x_wconf 93' lang='lat' dir='ltr'><strong>a.</strong></span> <span class='ocrx_word' id='word_1_246' title='bbox 647 3901 707 3962; x_wconf 83' lang='lat'><strong>753</strong></span> <span class='ocrx_word' id='word_1_247' title='bbox 731 3909 783 3962; x_wconf 91' lang='lat' dir='ltr'><strong>aut</strong></span> <span class='ocrx_word' id='word_1_248' title='bbox 805 3901 903 3982; x_wconf 92' lang='lat' dir='ltr'><strong>potius</strong></span> <span class='ocrx_word' id='word_1_249' title='bbox 926 3920 978 3981; x_wconf 91' lang='lat' dir='ltr'><strong>per</strong></span> <span class='ocrx_word' id='word_1_250' title='bbox 993 3920 1018 3961; x_wconf 89' lang='lat' dir='ltr'><strong>a.</strong></span> <span class='ocrx_word' id='word_1_251' title='bbox 1036 3899 1218 3970; x_wconf 88' lang='grc'>755-758;</span> <span class='ocrx_word' id='word_1_252' title='bbox 1241 3897 1390 3979; x_wconf 90' lang='lat' dir='ltr'><strong>probabile</strong></span> <span class='ocrx_word' id='word_1_253' title='bbox 1405 3905 1450 3957; x_wconf 90' lang='lat' dir='ltr'><strong>est</strong></span> <span class='ocrx_word' id='word_1_254' title='bbox 1464 3914 1533 3958; x_wconf 90' lang='lat' dir='ltr'><strong>eum</strong></span> 
     </span>
     <span class='ocr_line' id='line_1_29' title="bbox 171 3999 1531 4085; baseline -0.005 -19"><span class='ocrx_word' id='word_1_255' title='bbox 171 4024 205 4066; x_wconf 92' lang='lat' dir='ltr'><strong>eo</strong></span> <span class='ocrx_word' id='word_1_256' title='bbox 235 4005 359 4066; x_wconf 90' lang='lat' dir='ltr'><strong>missum</strong></span> <span class='ocrx_word' id='word_1_257' title='bbox 389 4023 462 4076; x_wconf 86' lang='lat' dir='ltr'><strong>esse,</strong></span> <span class='ocrx_word' id='word_1_258' title='bbox 488 4013 520 4065; x_wconf 93' lang='lat' dir='ltr'><strong>ut</strong></span> <span class='ocrx_word' id='word_1_259' title='bbox 541 4005 782 4085; x_wconf 84' lang='lat' dir='ltr'><strong>proconsulatum</strong></span> <span class='ocrx_word' id='word_1_260' title='bbox 806 4003 900 4064; x_wconf 88' lang='lat' dir='ltr'><strong>obiret</strong></span> <span class='ocrx_word' id='word_1_261' title='bbox 922 4022 976 4083; x_wconf 91' lang='lat' dir='ltr'><strong>per</strong></span> <span class='ocrx_word' id='word_1_262' title='bbox 997 4023 1023 4065; x_wconf 90' lang='lat' dir='ltr'><strong>a.</strong></span> <span class='ocrx_word' id='word_1_263' title='bbox 1040 3999 1134 4068; x_wconf 79' lang='grc'>7556</span> <span class='ocrx_word' id='word_1_264' title='bbox 1156 4010 1187 4063; x_wconf 88' lang='lat' dir='ltr'><strong>et</strong></span> <span class='ocrx_word' id='word_1_265' title='bbox 1208 4002 1238 4062; x_wconf 95' lang='lat' dir='ltr'><strong>in</strong></span> <span class='ocrx_word' id='word_1_266' title='bbox 1261 4001 1364 4062; x_wconf 87' lang='lat' dir='ltr'><strong>itinere</strong></span> <span class='ocrx_word' id='word_1_267' title='bbox 1380 3999 1531 4060; x_wconf 88' lang='lat' dir='ltr'><strong>Tiberium</strong></span> 
     </span>
     <span class='ocr_line' id='line_1_30' title="bbox 173 4101 1534 4187; baseline -0.004 -19"><span class='ocrx_word' id='word_1_268' title='bbox 173 4107 268 4169; x_wconf 84' lang='lat' dir='ltr'><strong>Rhodi</strong></span> <span class='ocrx_word' id='word_1_269' title='bbox 291 4108 425 4168; x_wconf 91' lang='lat' dir='ltr'><strong>coluisse.</strong></span> <span class='ocrx_word' id='word_1_270' title='bbox 464 4106 545 4168; x_wconf 94' lang='lat' dir='ltr'><strong>Circa</strong></span> <span class='ocrx_word' id='word_1_271' title='bbox 561 4127 586 4168; x_wconf 89' lang='lat' dir='ltr'><strong>a.</strong></span> <span class='ocrx_word' id='word_1_272' title='bbox 605 4107 775 4167; x_wconf 91' lang='grc'>755-757</span> <span class='ocrx_word' id='word_1_273' title='bbox 799 4106 951 4167; x_wconf 83' lang='lat' dir='ltr'><strong>homiliam</strong></span> <span class='ocrx_word' id='word_1_274' title='bbox 975 4106 1112 4187; x_wconf 89' lang='lat' dir='ltr'><strong>Lepidam</strong></span> <span class='ocrx_word' id='word_1_275' title='bbox 1137 4123 1257 4167; x_wconf 83' lang='lat' dir='ltr'><strong>uxorem</strong></span> <span class='ocrx_word' id='word_1_276' title='bbox 1281 4102 1373 4176; x_wconf 80' lang='lat' dir='ltr'><strong>duxit,</strong></span> <span class='ocrx_word' id='word_1_277' title='bbox 1396 4101 1444 4164; x_wconf 91' lang='lat' dir='ltr'><strong>cui</strong></span> <span class='ocrx_word' id='word_1_278' title='bbox 1466 4121 1534 4164; x_wconf 88' lang='lat' dir='ltr'><strong>mox</strong></span> 
     </span>
     <span class='ocr_line' id='line_1_31' title="bbox 174 4205 1534 4290; baseline -0.004 -20"><span class='ocrx_word' id='word_1_279' title='bbox 174 4210 328 4290; x_wconf 92' lang='lat' dir='ltr'><strong>repudium</strong></span> <span class='ocrx_word' id='word_1_280' title='bbox 359 4209 440 4271; x_wconf 93' lang='lat' dir='ltr'><strong>misit</strong></span> <span class='ocrx_word' id='word_1_281' title='bbox 462 4209 499 4270; x_wconf 94' lang='lat' dir='ltr'><strong>ob</strong></span> <span class='ocrx_word' id='word_1_282' title='bbox 522 4219 639 4290; x_wconf 89' lang='lat' dir='ltr'><strong>partum</strong></span> <span class='ocrx_word' id='word_1_283' title='bbox 664 4209 851 4290; x_wconf 90' lang='lat' dir='ltr'><strong>suppositum</strong></span> <span class='ocrx_word' id='word_1_284' title='bbox 876 4209 956 4288; x_wconf 80' lang='lat' dir='ltr'><strong>(Tac.</strong></span> <span class='ocrx_word' id='word_1_285' title='bbox 977 4227 1044 4270; x_wconf 90' lang='lat' dir='ltr'><strong>ann.</strong></span> <span class='ocrx_word' id='word_1_286' title='bbox 1067 4209 1096 4280; x_wconf 85' lang='lat'><strong>3,</strong></span> <span class='ocrx_word' id='word_1_287' title='bbox 1118 4207 1169 4268; x_wconf 78' lang='lat'><strong>22.</strong></span> <span class='ocrx_word' id='word_1_288' title='bbox 1191 4207 1250 4279; x_wconf 74' lang='lat'><strong>233</strong></span> <span class='ocrx_word' id='word_1_289' title='bbox 1283 4209 1362 4268; x_wconf 89' lang='lat' dir='ltr'><strong>Suet.</strong></span> <span class='ocrx_word' id='word_1_290' title='bbox 1385 4205 1448 4266; x_wconf 83' lang='lat' dir='ltr'><strong>Tib.</strong></span> <span class='ocrx_word' id='word_1_291' title='bbox 1470 4206 1534 4280; x_wconf 85' lang='grc'>49).</span> 
     </span>
     <span class='ocr_line' id='line_1_32' title="bbox 176 4307 1535 4393; baseline -0.004 -20"><span class='ocrx_word' id='word_1_292' title='bbox 176 4313 209 4373; x_wconf 83' lang='lat' dir='ltr'><strong>h.</strong></span> <span class='ocrx_word' id='word_1_293' title='bbox 226 4314 288 4374; x_wconf 92' lang='grc'><strong>756</strong></span> <span class='ocrx_word' id='word_1_294' title='bbox 310 4331 365 4393; x_wconf 93' lang='lat' dir='ltr'><strong>pro</strong></span> <span class='ocrx_word' id='word_1_295' title='bbox 387 4321 501 4374; x_wconf 89' lang='lat' dir='ltr'><strong>rectore</strong></span> <span class='ocrx_word' id='word_1_296' title='bbox 523 4331 591 4374; x_wconf 92' lang='lat' dir='ltr'><strong>cum</strong></span> <span class='ocrx_word' id='word_1_297' title='bbox 615 4313 646 4374; x_wconf 92' lang='lat' dir='ltr'><strong>C.</strong></span> <span class='ocrx_word' id='word_1_298' title='bbox 662 4313 783 4374; x_wconf 86' lang='lat' dir='ltr'><strong>Caesare</strong></span> <span class='ocrx_word' id='word_1_299' title='bbox 811 4311 840 4371; x_wconf 91' lang='lat' dir='ltr'><strong>in</strong></span> <span class='ocrx_word' id='word_1_300' title='bbox 864 4310 1000 4372; x_wconf 78' lang='lat' dir='ltr'><strong>Armenia</strong></span> <span class='ocrx_word' id='word_1_301' title='bbox 1023 4311 1088 4372; x_wconf 89' lang='lat' dir='ltr'><strong>tuit.</strong></span> <span class='ocrx_word' id='word_1_302' title='bbox 1119 4312 1161 4372; x_wconf 83' lang='lat' dir='ltr'><strong>Ex</strong></span> <span class='ocrx_word' id='word_1_303' title='bbox 1183 4331 1209 4372; x_wconf 88' lang='lat' dir='ltr'><strong>a.</strong></span> <span class='ocrx_word' id='word_1_304' title='bbox 1226 4310 1288 4370; x_wconf 85' lang='grc'><strong>759</strong></span> <span class='ocrx_word' id='word_1_305' title='bbox 1310 4307 1418 4370; x_wconf 90' lang='lat' dir='ltr'><strong>iterum</strong></span> <span class='ocrx_word' id='word_1_306' title='bbox 1435 4307 1535 4388; x_wconf 88' lang='lat' dir='ltr'><strong>Syriae</strong></span> 
     </span>
     <span class='ocr_line' id='line_1_33' title="bbox 154 4397 1535 4496; baseline -0.005 -19"><span class='ocrx_word' id='word_1_307' title='bbox 154 4397 271 4496; x_wconf 70' lang='lat' dir='ltr'><strong>legatus</strong></span> <span class='ocrx_word' id='word_1_308' title='bbox 298 4416 433 4496; x_wconf 88' lang='lat' dir='ltr'><strong>praetuit.</strong></span> <span class='ocrx_word' id='word_1_309' title='bbox 477 4419 510 4476; x_wconf 86' lang='grc' dir='ltr'><strong>Α.</strong></span> <span class='ocrx_word' id='word_1_310' title='bbox 534 4416 595 4478; x_wconf 89' lang='grc'><strong>769</strong></span> <span class='ocrx_word' id='word_1_311' title='bbox 623 4415 653 4475; x_wconf 94' lang='lat' dir='ltr'><strong>in</strong></span> <span class='ocrx_word' id='word_1_312' title='bbox 694 4414 766 4475; x_wconf 89' lang='lat' dir='ltr'><strong>urbe</strong></span> <span class='ocrx_word' id='word_1_313' title='bbox 795 4414 852 4474; x_wconf 91' lang='lat' dir='ltr'><strong>tuit</strong></span> <span class='ocrx_word' id='word_1_314' title='bbox 881 4422 911 4475; x_wconf 89' lang='lat' dir='ltr'><strong>et</strong></span> <span class='ocrx_word' id='word_1_315' title='bbox 936 4433 990 4494; x_wconf 86' lang='lat' dir='ltr'><strong>per</strong></span> <span class='ocrx_word' id='word_1_316' title='bbox 1016 4433 1084 4476; x_wconf 86' lang='lat' dir='ltr'><strong>eom</strong></span> <span class='ocrx_word' id='word_1_317' title='bbox 1112 4413 1285 4474; x_wconf 67' lang='lat' dir='ltr'><strong>imbrosae</strong></span> <span class='ocrx_word' id='word_1_318' title='bbox 1313 4411 1385 4473; x_wconf 91' lang='lat' dir='ltr'><strong>Libo</strong></span> <span class='ocrx_word' id='word_1_319' title='bbox 1412 4410 1535 4490; x_wconf 93' lang='lat' dir='ltr'><strong>propin-</strong></span> 
     </span>
     <span class='ocr_line' id='line_1_34' title="bbox 173 4513 1535 4600; baseline -0.005 -19"><span class='ocrx_word' id='word_1_320' title='bbox 173 4537 250 4598; x_wconf 90' lang='lat' dir='ltr'><strong>quus</strong></span> <span class='ocrx_word' id='word_1_321' title='bbox 278 4519 304 4579; x_wconf 93' lang='lat' dir='ltr'><strong>ei</strong></span> <span class='ocrx_word' id='word_1_322' title='bbox 333 4523 396 4600; x_wconf 90' lang='lat' dir='ltr'><strong>(per</strong></span> <span class='ocrx_word' id='word_1_323' title='bbox 424 4537 544 4581; x_wconf 87' lang='lat' dir='ltr'><strong>uxorem</strong></span> <span class='ocrx_word' id='word_1_324' title='bbox 574 4517 731 4599; x_wconf 88' lang='lat' dir='ltr'><strong>Lepidam,</strong></span> <span class='ocrx_word' id='word_1_325' title='bbox 760 4536 786 4577; x_wconf 88' lang='lat' dir='ltr'><strong>r.</strong></span> <span class='ocrx_word' id='word_1_326' title='bbox 808 4523 880 4578; x_wconf 84' lang='lat' dir='ltr'><strong>rdnr.</strong></span> <span class='ocrx_word' id='word_1_327' title='bbox 904 4516 1085 4578; x_wconf 78' lang='lat' dir='ltr'><strong>Metnnwesen</strong></span> <span class='ocrx_word' id='word_1_328' title='bbox 1111 4536 1139 4596; x_wconf 94' lang='lat' dir='ltr'><strong>p.</strong></span> <span class='ocrx_word' id='word_1_329' title='bbox 1156 4515 1217 4577; x_wconf 88' lang='grc'><strong>633</strong></span> <span class='ocrx_word' id='word_1_330' title='bbox 1241 4534 1270 4576; x_wconf 91' lang='grc' dir='ltr'><strong>ιι.</strong></span> <span class='ocrx_word' id='word_1_331' title='bbox 1293 4513 1367 4590; x_wconf 87' lang='grc'>484)</span> <span class='ocrx_word' id='word_1_332' title='bbox 1390 4519 1535 4574; x_wconf 87' lang='lat' dir='ltr'><strong>extremas</strong></span> 
     </span>
     <span class='ocr_line' id='line_1_35' title="bbox 175 4615 1535 4702; baseline -0.004 -20"><span class='ocrx_word' id='word_1_333' title='bbox 175 4640 276 4702; x_wconf 88' lang='lat' dir='ltr'><strong>preces</strong></span> <span class='ocrx_word' id='word_1_334' title='bbox 304 4623 339 4682; x_wconf 90' lang='lat' dir='ltr'><strong>ad</strong></span> <span class='ocrx_word' id='word_1_335' title='bbox 363 4622 523 4702; x_wconf 89' lang='lat' dir='ltr'><strong>principem</strong></span> <span class='ocrx_word' id='word_1_336' title='bbox 549 4621 697 4684; x_wconf 88' lang='lat' dir='ltr'><strong>mandarit</strong></span> <span class='ocrx_word' id='word_1_337' title='bbox 719 4619 798 4696; x_wconf 85' lang='lat' dir='ltr'><strong>(Tac.</strong></span> <span class='ocrx_word' id='word_1_338' title='bbox 820 4639 887 4681; x_wconf 94' lang='lat' dir='ltr'><strong>ann.</strong></span> <span class='ocrx_word' id='word_1_339' title='bbox 909 4619 938 4692; x_wconf 81' lang='lat'><strong>2,</strong></span> <span class='ocrx_word' id='word_1_340' title='bbox 960 4619 1023 4698; x_wconf 89' lang='grc'><strong>30).</strong></span> <span class='ocrx_word' id='word_1_341' title='bbox 1068 4619 1141 4680; x_wconf 92' lang='lat' dir='ltr'><strong>ltem</strong></span> <span class='ocrx_word' id='word_1_342' title='bbox 1165 4638 1189 4679; x_wconf 90' lang='lat' dir='ltr'><strong>a.</strong></span> <span class='ocrx_word' id='word_1_343' title='bbox 1207 4617 1268 4678; x_wconf 88' lang='grc'><strong>773</strong></span> <span class='ocrx_word' id='word_1_344' title='bbox 1292 4615 1426 4677; x_wconf 81' lang='lat' dir='ltr'><strong>interfuit</strong></span> <span class='ocrx_word' id='word_1_345' title='bbox 1447 4635 1535 4677; x_wconf 92' lang='lat' dir='ltr'><strong>accu-</strong></span> 
     </span>
     <span class='ocr_line' id='line_1_36' title="bbox 173 4719 1534 4805; baseline -0.006 -19"><span class='ocrx_word' id='word_1_346' title='bbox 173 4724 279 4786; x_wconf 87' lang='lat' dir='ltr'><strong>sationi</strong></span> <span class='ocrx_word' id='word_1_347' title='bbox 296 4724 421 4805; x_wconf 87' lang='lat' dir='ltr'><strong>Lepidae</strong></span> <span class='ocrx_word' id='word_1_348' title='bbox 443 4725 592 4805; x_wconf 89' lang='lat' dir='ltr'><strong>quondam</strong></span> <span class='ocrx_word' id='word_1_349' title='bbox 617 4724 716 4786; x_wconf 82' lang='lat' dir='ltr'><strong>uxoris</strong></span> <span class='ocrx_word' id='word_1_350' title='bbox 739 4732 860 4804; x_wconf 84' lang='lat' dir='ltr'><strong>propter</strong></span> <span class='ocrx_word' id='word_1_351' title='bbox 881 4722 993 4784; x_wconf 91' lang='lat' dir='ltr'><strong>crimen</strong></span> <span class='ocrx_word' id='word_1_352' title='bbox 1016 4721 1086 4782; x_wconf 91' lang='lat' dir='ltr'><strong>illud</strong></span> <span class='ocrx_word' id='word_1_353' title='bbox 1110 4721 1179 4782; x_wconf 94' lang='lat' dir='ltr'><strong>olim</strong></span> <span class='ocrx_word' id='word_1_354' title='bbox 1202 4721 1395 4782; x_wconf 87' lang='lat' dir='ltr'><strong>commissum</strong></span> <span class='ocrx_word' id='word_1_355' title='bbox 1420 4719 1499 4795; x_wconf 78' lang='lat' dir='ltr'><strong>(Tac.</strong></span> <span class='ocrx_word' id='word_1_356' title='bbox 1516 4719 1534 4779; x_wconf 93' lang='lat' dir='ltr'><strong>l.</strong></span> 
     </span>
    </p>
   </div>
   <div class='ocr_carea' id='block_1_7' title="bbox 174 4821 1535 4978">
    <p class='ocr_par' dir='ltr' id='par_1_10' title="bbox 174 4821 1535 4978">
     <span class='ocr_line' id='line_1_37' title="bbox 174 4821 1535 4907; baseline -0.005 -19"><span class='ocrx_word' id='word_1_357' title='bbox 174 4847 216 4901; x_wconf 88' lang='lat' dir='ltr'><strong>c.;</strong></span> <span class='ocrx_word' id='word_1_358' title='bbox 248 4829 328 4889; x_wconf 90' lang='lat' dir='ltr'><strong>Suet.</strong></span> <span class='ocrx_word' id='word_1_359' title='bbox 345 4828 364 4887; x_wconf 91' lang='lat' dir='ltr'><strong>l.</strong></span> <span class='ocrx_word' id='word_1_360' title='bbox 379 4829 429 4907; x_wconf 84' lang='lat' dir='ltr'><strong>c).</strong></span> <span class='ocrx_word' id='word_1_361' title='bbox 474 4829 570 4890; x_wconf 88' lang='lat' dir='ltr'><strong>Senex</strong></span> <span class='ocrx_word' id='word_1_362' title='bbox 597 4847 622 4889; x_wconf 92' lang='lat' dir='ltr'><strong>a.</strong></span> <span class='ocrx_word' id='word_1_363' title='bbox 646 4828 708 4887; x_wconf 94' lang='grc'><strong>774</strong></span> <span class='ocrx_word' id='word_1_364' title='bbox 736 4827 813 4887; x_wconf 91' lang='lat' dir='ltr'><strong>diem</strong></span> <span class='ocrx_word' id='word_1_365' title='bbox 842 4825 916 4886; x_wconf 94' lang='lat' dir='ltr'><strong>obiit</strong></span> <span class='ocrx_word' id='word_1_366' title='bbox 943 4833 973 4885; x_wconf 88' lang='lat' dir='ltr'><strong>et</strong></span> <span class='ocrx_word' id='word_1_367' title='bbox 994 4823 1110 4903; x_wconf 87' lang='lat' dir='ltr'><strong>pubhce</strong></span> <span class='ocrx_word' id='word_1_368' title='bbox 1137 4823 1230 4884; x_wconf 89' lang='lat' dir='ltr'><strong>elatus</strong></span> <span class='ocrx_word' id='word_1_369' title='bbox 1252 4832 1298 4884; x_wconf 88' lang='lat' dir='ltr'><strong>est</strong></span> <span class='ocrx_word' id='word_1_370' title='bbox 1319 4822 1399 4904; x_wconf 84' lang='lat' dir='ltr'><strong>(Tac.</strong></span> <span class='ocrx_word' id='word_1_371' title='bbox 1421 4839 1489 4882; x_wconf 92' lang='lat' dir='ltr'><strong>ann.</strong></span> <span class='ocrx_word' id='word_1_372' title='bbox 1506 4821 1535 4894; x_wconf 88' lang='lat'><strong>3,</strong></span> 
     </span>
     <span class='ocr_line' id='line_1_38' title="bbox 1344 4924 1376 4978; baseline 0 0"><span class='ocrx_word' id='word_1_373' title='bbox 1344 4924 1376 4978; x_wconf 81' lang='lat' dir='ltr'><strong>ta</strong></span> 
     </span>
    </p>
   </div>
   <div class='ocr_carea' id='block_1_8' title="bbox 0 0 1839 5434">
    <p class='ocr_par' dir='ltr' id='par_1_11' title="bbox 0 0 1839 5434">
     <span class='ocr_line' id='line_1_39' title="bbox 0 0 1839 5434; baseline 0 0"><span class='ocrx_word' id='word_1_374' title='bbox 0 0 1839 5434; x_wconf 95' lang='lat' dir='ltr'><strong> </strong></span> 
     </span>
    </p>
   </div>
  </div>
 </body>
</html>
