3656 5434
314 379 377 443 150
902 373 949 440 vr,
972 375 1076 428 ra-aa

313 565 411 618 menta
445 555 517 617 haec
549 556 654 617 domus
682 553 846 632 Augustae,
880 573 953 633 quae
987 553 1123 634 deinceps
1150 563 1289 634 perpetua
1316 567 1489 619 manserunt
1517 566 1670 636 tamquam
1784 590 1788 599 ·

312 659 414 722 Palatii
437 658 570 738 iusignia,
593 657 701 739 passim
726 655 932 735 memor·ant¹).
972 656 1016 718 bd
1032 675 1170 719 coronam
1186 664 1412 739 superlunarem,
1436 655 1586 742 ὑπεράνω
1608 659 1673 723 τοῦ

312 761 465 835 πυλῶνος
486 763 583 836 lixam,
607 771 641 823 ut
663 761 703 822 ait
724 759 860 842 princeps
882 759 953 840 ipse,
977 761 1204 840 collocatamque
1226 761 1267 824 ita
1282 761 1311 824 in
1327 765 1433 826 domus
1448 764 1563 844 fastigio
1580 765 1672 840 (Sue-

314 867 411 929 tonius
434 867 533 930 Claud.
559 867 616 940 173
649 867 757 928 Seneca
785 863 821 924 de
847 863 931 924 clem.
962 866 988 937 1,
1006 864 1104 942 266)
1135 865 1298 927 rettulerim
1326 867 1453 946 aquilam
1485 867 1515 929 in
1543 887 1670 930 nummo

313 991 338 1032 a.
355 971 415 1032 727
439 971 466 1031 ei
488 988 612 1032 coronae
635 967 829 1030 insistentem.
860 967 933 1029 Nam
956 967 1105 1047 fastigium
1130 967 1189 1030 sive
1211 977 1335 1044 aetoma,
1357 990 1416 1051 qno
1439 972 1524 1033 aedes
1545 971 1670 1033 deorum

313 1095 329 1136 a
351 1074 471 1156 privatis
493 1072 756 1153 distinguebantur,
778 1080 813 1132 ut
828 1071 941 1133 Caesari
968 1071 1018 1151 (61.
1041 1072 1193 1134 Drnmaun
1216 1072 1244 1147 3,
1261 1073 1322 1135 666
1345 1092 1374 1134 n.
1399 1075 1462 1151 33),
1484 1075 1525 1136 ita
1546 1075 1670 1137 omnino

312 1177 445 1258 Angusto
467 1195 584 1256 quoque
606 1174 756 1236 decretum
779 1184 824 1236 est
846 1182 875 1236 et
896 1178 1020 1236 16616666
1045 1175 1134 1237 simul
1153 1195 1221 1237 cum
1243 1196 1359 1252 corona,
1382 1178 1536 1259 potuitque
1555 1189 1670 1242 aetoma

313 1282 345 1343 iu
366 1299 490 1344 nummo
513 1287 591 1341 recte
613 1277 825 1359 repraesentari
846 1296 899 1358 per
921 1277 1057 1358 aquilam.
1094 1277 1319 1360 Inscriptionem
1342 1289 1440 1341 autem
1464 1281 1497 1342 ob
1521 1285 1587 1342 61616
1606 1301 1671 1343 ser-

314 1396 394 1448 vatos
426 1403 492 1445 vere
525 1384 630 1445 lectam
663 1401 728 1444 esse
760 1381 840 1443 iuxta
867 1382 912 1442 vel
940 1381 1040 1463 potius
1066 1381 1142 1444 intra
1172 1401 1308 1445 coronam
1337 1392 1426 1444 testes
1455 1394 1526 1446 snut
1554 1395 1672 1466 praeter

314 1507 454 1550 nummos
471 1486 592 1548 Ovidius
614 1485 691 1548 trist.
714 1485 743 1559 3,
761 1487 788 1558 1,
805 1487 859 1546 47:
883 1505 969 1548 consu
989 1491 1181 1567 superpositae
1196 1492 1297 1568 scripta
1313 1497 1413 1550 testata
1428 1487 1483 1568 (sio
1499 1488 1670 1562 deteriores,

314 1601 431 1653 16616616
452 1589 519 1651 libri
541 1588 624 1668 boni)
643 1605 762 1652 coronae
778 1599 903 1651 seruatos
919 1590 1465 1672 66661666611616666661116166166
1481 1591 1623 1654 Maximus
1639 1592 1670 1664 2,

315 1694 345 1769 8,
362 1696 396 1755 7:
420 1694 457 1754 ad
479 1711 613 1774 66666666
632 1709 744 1773 pronae
764 1712 869 1755 mauras
886 1697 1085 1774 porripuutur,
1109 1695 1159 1756 ubi
1179 1695 1212 1756 ab
1228 1699 1298 1757 cives
1312 1707 1437 1757 saumas
1453 1713 1558 1758 aurorae
1572 1697 1671 1758 danda

315 1809 363 1871 est,
386 1818 443 1880 qua
461 1808 554 1877 postes
575 1796 717 1878 depastae
740 1797 839 1858 damas
852 1800 1024 1877 sempiterna
1036 1798 1128 1879 plorata
1143 1798 1330 1878 triumphant.
1346 1833 1388 1842 -
1403 1798 1505 1860 Lauris
1520 1799 1670 1878 quomodo

317 1902 423 1963 domus
439 1909 539 1962 ornata
555 1899 602 1973 sit,
626 1897 785 1978 quaeritur,
805 1899 915 1962 scilicet
929 1911 1029 1962 utrum
1047 1901 1162 1962 corollis
1177 1901 1283 1964 laureis
1299 1911 1399 1982 postes
1415 1903 1545 1964 exornati
1560 1903 1673 1965 luerint

315 2024 353 2068 an
375 2005 492 2066 arbores
516 2004 590 2066 duae
612 2003 648 2064 ad
664 2003 738 2064 duos
752 2011 852 2083 postes
873 2004 1021 2080 steterint3
1043 2004 1072 2066 id
1088 2006 1166 2084 quod
1182 2005 1270 2067 etiam
1286 2005 1468 2086 pervenitad
1483 2007 1571 2068 verba
1586 2027 1671 2068 corn·

314 2107 451 2170 meutarii
465 2105 642 2186 explicanda.
665 2105 736 2167 Nam
753 2108 911 2186 quaeritur,
933 2109 1011 2188 quod
1026 2108 1200 2170 vocabulum
1216 2111 1251 2171 ad
1264 2121 1358 2189 postes
1373 2109 1551 2191 adscriptum
1568 2113 1672 2184 luerit,

314 2213 403 2276 velati
422 2211 555 2293 priorum
578 2208 624 2272 vel
645 2209 773 2270 umbrati
786 2211 940 2272 Cavedonii
963 2231 1141 2293 quamquam
1165 2212 1212 2273 vix
1234 2213 1286 2275 ulli
1301 2212 1358 2274 iam
1374 2213 1587 2294 probabuntur,
1610 2225 1670 2276 tam

315 2317 428 2396 666616,
459 2315 537 2395 6666
567 2333 619 2393 ego
647 2312 801 2394 proposui,
832 2333 920 2392 qnam
950 2315 1072 2392 olestitrl,
1099 2315 1178 2395 quud
1201 2315 1325 2395 Berglaio
1347 2315 1472 2396 placuit,
1499 2317 1537 2378 ab
1558 2319 1672 2396 egregia

315 2418 440 2500 Augusti
468 2417 652 2499 simplicitate
675 2417 856 2497 aliquantum
879 2416 1030 2491 abhorret,
1057 2419 1152 2499 aptius
1177 2426 1274 2481 umen
1297 2420 1375 2498 6666
1398 2428 1477 2481 esset
1497 2420 1671 2482 vocabulum

316 2527 424 2586 frustra
446 2521 584 2603 quaesivi.
628 2520 738 2582 Deinde
763 2519 827 2582 iure
850 2521 977 2594 dubitari
1004 2530 1115 2601 potest,
1145 2531 1245 2583 utrum
1276 2524 1382 2584 laureis
1407 2541 1423 2584 a
1449 2523 1548 2584 laurea
1575 2522 1614 2584 sit
1633 2542 1672 2584 an

316 2647 332 2689 a
354 2627 455 2700 lauro,
483 2625 622 2706 quoniam
643 2623 794 2704 Augustus
816 2642 882 2685 raro
904 2623 1036 2703 quidem,
1068 2625 1118 2686 sed
1146 2633 1244 2687 umen
1267 2623 1421 2704 aliquoties
1443 2623 1601 2687 ablativum
1623 2643 1673 2685 se-

316 2732 427 2794 cundae
458 2733 487 2792 in
518 2735 557 2792 eis
583 2727 727 2790 formavit.
772 2727 809 2789 Et
836 2736 933 2808 potest
960 2727 1077 2808 quidem
1106 2728 1197 2790 videri
1218 2726 1309 2809 priori
1333 2727 1462 2808 opinioni
1485 2728 1672 2808 patrocinari,

316 2835 395 2916 quod
418 2833 536 2914 antiqua
559 2831 771 2894 consuetudine
794 2830 919 2892 Romani
940 2831 1023 2892 festis
1045 2829 1147 2892 diebus
1170 2831 1286 2894 aedium
1310 2841 1409 2912 postes
1431 2832 1513 2894 lauro
1529 2832 1673 2894 ornabant

316 2941 491 3020 laurumque
518 2956 607 3018 super
635 2936 752 2997 ianuam
776 2933 955 2996 collocabant
977 2934 1132 3010 (luvenalis
1159 2935 1188 3008 6,
1205 2936 1260 2996 52:
1282 2947 1360 2998 uecta
1382 2953 1517 2998 coronam
1535 2937 1672 3017 postibus.
1788 2935 1789 2940 ’

317 3045 347 3118 6,
363 3044 417 3105 79:
441 3053 580 3104 eruentur
600 3050 690 3120 pastas
712 3049 738 3100 et
750 3039 859 3119 666661
869 3043 960 3100 ianua
976 3037 1068 3100 lauro
1105 3037 1153 3112 10,
1170 3038 1220 3099 65.
1247 3039 1293 3114 12,
1311 3041 1365 3115 91;
1396 3039 1514 3101 Tacitus
1537 3059 1604 3101 ann,
1622 3040 1672 3112 15,
1788 3047 1789 3090 ἐ

318 3145 445 3226 7161.);
474 3144 525 3206 666
552 3143 630 3205 aliud
658 3151 704 3204 est
732 3141 914 3204 6666616616
937 3140 983 3202 die
1006 3159 1125 3215 ornare,
1153 3141 1231 3203 aliud
1253 3143 1284 3204 iu
1317 3153 1503 3224 perpetuum.
1552 3143 1673 3205 Nummi

318 3267 476 3329 numquam
515 3256 614 3328 postes
653 3245 739 3308 sertis
775 3254 891 3307 ornatos
924 3245 1098 3319 ostendunt,
1136 3246 1187 3307 sed
1219 3264 1318 3307 ramos
1350 3245 1505 3307 arboresve
1538 3246 1672 3327 pingunt,

318 3370 465 3432 nusquam
498 3358 595 3411 tamen
621 3348 725 3410 infixas
755 3348 870 3410 vasculo
897 3349 943 3410 ael
975 3349 1052 3423 solo,
1081 3357 1115 3410 ut
1146 3348 1301 3412 videantur
1328 3350 1402 3412 duae
1423 3351 1542 3412 arbores
1565 3349 1673 3412 utrim-

318 3476 375 3536 que
398 3456 433 3517 ad
456 3455 574 3516 ianuam
596 3451 713 3514 stetisse
735 3452 843 3514 recisae
865 3461 895 3513 et
917 3452 1041 3514 subinde
1063 3452 1228 3514 mutandae.
1267 3453 1362 3515 Etiam
1382 3455 1460 3533 6666
1475 3453 1672 3515 Tertullianus

300 3561 430 3640 apolog.
454 3559 494 3620 35
525 3557 560 3618 de
582 3556 734 3618 Commodi
761 3575 832 3618 nece
860 3573 949 3635 agens
976 3555 1052 3617 intra
1075 3555 1218 3618 Palatium
1243 3557 1331 3618 occisi
1354 3557 1389 3618 66
1411 3556 1448 3619 116
1470 3556 1600 3636 loquitur
1625 3560 1676 3638 qui

318 3669 392 3726 16666
426 3663 499 3724 duas
534 3661 636 3722 lauras
668 3660 794 3721 66616661
821 3657 986 3732 Caesarem,
1017 3660 1161 3721 secundae
1195 3659 1356 3721 sententiae
1389 3659 1494 3721 medus
1527 3660 1672 3732 convenit,

318 3767 454 3848 idemque
476 3764 551 3826 valet
573 3763 608 3824 de
630 3771 784 3844 poetarum
808 3761 903 3836 dietis,
926 3761 1300 3836 nundinatum:
1324 3773 1393 3825 state
1409 3763 1555 3826 Palatinae
1569 3765 1674 3826 laamas
1788 3809 1789 3828 i

315 3879 520 3952 praetextaque
541 3887 647 3948 quercu
668 3876 719 3929 atet
740 3867 838 3928 damea
860 3875 890 3928 et
911 3873 1030 3927 metam.
1049 3867 1076 3940 1,
1100 3865 1161 3927 562
1183 3866 1300 3928 laurum
1322 3867 1519 3946 adloquentis:
1546 3869 1673 3948 postibus

319 3975 451 4054 66666116
473 3973 570 4034 eadem
590 3971 728 4052 fidisu'ma
750 3981 841 4032 cautos
864 3981 928 4032 ante
950 3972 1028 4050 sures
1049 3971 1136 4032 stabis
1156 3973 1334 4051 mediamque
1356 3971 1469 4034 tuebere
1491 3980 1679 4065 praeacutus}

321 4077 445 4138 maxime
468 4075 544 4137 trist.
568 4074 596 4148 3,
620 4077 647 4148 1,
669 4074 723 4136 39:
751 4093 803 4136 cur
832 4074 927 4136 tamen
956 4079 1081 4154 opposita
1103 4075 1216 4136 uelatur
1236 4078 1325 4135 ianua
1347 4073 1442 4146 lauro,
1465 4079 1547 4157 ciapit
1568 4077 1674 4156 (immo

319 4185 418 4262 iuuqit,
441 4189 474 4241 ut
495 4177 620 4240 coniecit
634 4177 779 4259 llauptius
803 4197 903 4259 opusc.
922 4179 949 4250 1,
974 4177 1047 4254 125)
1071 4187 1097 4240 et
1111 4178 1253 4259 66666666
1275 4178 1364 4239 arbor
1386 4197 1473 4258 opaca
1495 4161 1609 4243 comas?
1630 4217 1674 4226 -

319 4285 427 4346 Eadem
451 4282 571 4344 omniuo
586 4283 718 4361 quaestio
733 4281 808 4344 redit
823 4281 859 4343 de
873 4281 961 4361 regia,
984 4281 1068 4344 cuius
1084 4282 1200 4343 ianuam
1217 4290 1320 4342 notum
1336 4290 1381 4342 est
1395 4281 1424 4341 n.
1440 4281 1550 4344 Martiis
1567 4284 1673 4346 unius-

320 4388 463 4468 cuiusque
485 4386 554 4448 anni
569 4385 658 4448 lauris
674 4385 821 4448 veteribus
837 4385 958 4447 sublatis
973 4384 1058 4447 novis
1073 4394 1206 4448 ornatam
1222 4404 1287 4447 esse
1302 4383 1436 4461 (Ovidius
1452 4388 1517 4448 last.
1534 4386 1563 4462 3,
1588 4387 1671 4469 137).

419 4640 439 4702 ¹)
457 4635 768 4700 destruccionibus,
787 4636 874 4689 Claud.
890 4637 920 4688 17
939 4652 1050 4704 quaeque
1068 4637 1176 4702 collegit
1192 4637 1325 4688 Reimarus
1343 4637 1374 4687 66
1393 4636 1480 4688 Dionis
1499 4637 1578 4688 verba
1595 4654 1673 4706 supra

321 4726 409 4777 citata.
443 4725 526 4778 Etiam
550 4725 575 4775 in
598 4725 682 4776 latere
704 4724 803 4790 postico
825 4723 910 4786 tituli,
936 4738 1008 4788 quem
1030 4721 1102 4774 Remi
1125 4722 1222 4774 Neroni
1244 4724 1428 4775 dedicaverunt
1448 4723 1592 4787 (brambach
1614 4725 1672 4777 61.

321 4811 398 4862 llbeu.
413 4811 481 4876 161),
499 4811 615 4862 cernitur
633 4826 727 4862 corone
744 4825 839 4876 querna
856 4824 911 4859 cnm
930 4808 1096 4874 inscriptione
1114 4821 1136 4863 ο
1149 4835 1156 4849 ·
1170 4821 1188 4864 c
1202 4835 1208 4850 ·
1222 4821 1255 4877 s.‚
1274 4811 1347 4862 modo
1367 4826 1396 4860 ue
1416 4811 1452 4861 sit
1469 4810 1633 4876 interpolata.
