3656 5434
298 1591 363 1658 Du
385 1589 685 1659 ITERATIONE
709 1588 1030 1662 LEGATIONVM
1054 1587 1412 1660 COROLLARIVM.

792 1713 821 1765 (v.
836 1723 859 1769 μ
874 1711 930 1765 roa).

279 1823 397 1902 Legatio
419 1821 584 1902 provinciae
606 1821 730 1884 alieuius
752 1841 820 1884 cum
843 1841 902 1884 non
926 1822 1020 1904 possit
1042 1821 1098 1883 dici
1126 1821 1229 1884 iterata
1255 1821 1313 1883 nisi
1342 1823 1442 1884 eadem
1465 1841 1536 1904 pro-

178 1924 272 1986 vincia
295 1925 391 1986 denuo
413 1934 557 2006 suscepta,
580 1944 618 1987 ne
642 1934 705 1987 tum
728 1926 857 2006 quidem,
880 1945 947 1989 oum
971 1925 1077 2006 legatio
1099 1923 1229 1986 eiusdem
1253 1924 1419 2005 provinciae
1441 1925 1535 1987 eidem

178 2027 293 2089 homini
325 2027 370 2089 bis
403 2029 546 2103 defertur,
581 2029 697 2091 iteratio
725 2048 843 2112 semper
872 2029 969 2091 locum
998 2029 1094 2090 habet.
1143 2027 1187 2088 Ex
1215 2026 1300 2088 titulo
1327 2027 1360 2088 P.
1375 2027 1538 2090 Pactumeii

178 2130 337 2194 Clementis
359 2131 403 2210 (C.
419 2131 492 2206 VIII,
517 2133 599 2194 7059
621 2158 665 2184 =
686 2133 803 2194 llenzen
826 2152 855 2193 n.
876 2132 989 2210 6483),
1017 2131 1067 2194 ubi
1099 2131 1141 2193 sic
1173 2139 1232 2193 est:
1263 2133 1397 2212 praetori
1416 2132 1538 2206 urbano,

178 2235 268 2315 legato
290 2237 351 2298 divi
370 2235 517 2298 Hodrc'oni
537 2235 574 2297 ud
594 2239 719 2298 rationes
747 2240 903 2300 ctoitottum
924 2234 1027 2315 Syriae
1054 2237 1215 2316 portandos,
1244 2235 1333 2316 lepoto
1360 2234 1483 2296 eiusdem
1508 2237 1539 2296 in

180 2336 288 2410 Cllicr’o,
312 2340 423 2401 consoli
437 2343 477 2420 (p.
490 2339 520 2400 C.
537 2337 596 2400 138
613 2338 677 2419 ipso
693 2338 846 2414 nundinio,
867 2338 1107 2420 quolladrianus
1123 2339 1269 2414 excessit),
1286 2338 1376 2420 legato
1390 2341 1422 2400 io
1439 2337 1540 2400 Cilicia

176 2443 243 2520 Imp.
260 2441 397 2504 Antom'ot
410 2443 490 2523 Aug,
513 2450 634 2522 apparet
654 2442 828 2522 legationem
851 2442 914 2504 iure
937 2441 1048 2505 linitam
1073 2450 1168 2504 morte
1196 2441 1259 2503 eius
1286 2441 1338 2522 qni
1364 2441 1480 2520 legarat,
1509 2439 1538 2501 id

178 2553 224 2605 est
245 2543 394 2619 Hadriani,
423 2546 565 2608 Clementi
593 2566 609 2608 a
632 2564 802 2608 successore
831 2545 974 2609 redditam
1008 2566 1081 2608 esse.
1126 2545 1249 2608 Videtur
1275 2552 1373 2607 autem
1403 2543 1539 2606 Clemens

179 2645 272 2725 magis
302 2647 486 2710 consulatum
520 2649 628 2711 absens
661 2648 785 2729 gessisse
819 2667 877 2710 una
911 2669 978 2712 cum
1014 2648 1130 2712 Ciliciae
1163 2648 1417 2712 administratione
1450 2666 1538 2727 quam

179 2757 301 2829 propter
330 2769 397 2812 eum
427 2751 570 2831 legatione
598 2751 705 2813 abiisse
733 2761 763 2814 et
789 2771 858 2813 mox
887 2753 970 2814 linito
998 2753 1152 2816 consulatu
1185 2751 1216 2814 in
1244 2752 1373 2814 Ciliciam
1407 2751 1539 2824 rediisse,

178 2871 359 2932 quamquam
389 2853 446 2916 hoo
467 2854 576 2936 placuit
598 2853 759 2933 Borghesio
782 2854 872 2931 (nott.
889 2855 961 2936 Nep.
991 2874 1086 2918 nuovo
1116 2856 1146 2930 2,
1163 2855 1202 2918 35
1218 2882 1262 2910 =
1276 2854 1380 2936 opp.8
1410 2874 1439 2935 p.
1455 2853 1539 2929 393).

181 2957 282 3037 ltaque
304 2977 483 3039 quamquam
507 2977 539 3019 re
561 2957 736 3036 legationem
768 2958 959 3032 continuarit,
986 2958 1050 3020 iure
1076 2958 1196 3021 alteram
1226 2958 1367 3040 suscepit,
1395 2957 1474 3037 quod
1501 2956 1540 3018 ita

182 3079 246 3122 esse
268 3060 375 3123 debere
396 3080 456 3123 non
478 3060 614 3141 ignorant
634 3060 669 3134 ii,
697 3061 749 3141 qui
775 3060 846 3141 quid
874 3061 914 3123 sit
936 3061 1107 3124 mandatum
1136 3061 1294 3142 imperium
1317 3060 1408 3141 probe
1430 3059 1541 3121 didice-

181 3173 261 3224 runt.
298 3163 486 3226 Iterationem
510 3173 609 3226 autem
625 3163 761 3226 Clemens
783 3183 843 3226 non
860 3164 1042 3244 significavit,
1065 3164 1203 3245 quoniam
1220 3163 1405 3244 imperatoris
1421 3163 1541 3225 nomine

181 3266 326 3347 adscripto
349 3266 507 3347 legationes
529 3266 603 3329 duae
626 3267 709 3328 datae
738 3266 774 3328 ab
802 3267 949 3330 Hadriano
972 3268 1071 3342 altera,
1094 3268 1183 3330 altera
1202 3287 1218 3329 a
1240 3267 1294 3328 Pio
1309 3266 1365 3328 etsi
1376 3285 1408 3328 re
1423 3265 1540 3328 eaedem

182 3379 280 3432 tamen
313 3370 377 3432 iure
400 3370 548 3433 differunt.
594 3369 736 3433 Similiter
758 3371 794 3432 ob
816 3371 943 3451 epistulas
966 3371 1095 3434 officium
1117 3371 1157 3434 ita
1179 3370 1287 3452 pendet
1308 3369 1344 3431 ab
1366 3368 1542 3451 imperatore

181 3473 230 3535 cui
257 3473 325 3553 quis
356 3475 451 3548 adest,
483 3484 516 3536 ut
546 3473 690 3536 moriente
718 3474 895 3554 imperatore
922 3473 985 3536 iure
1015 3474 1160 3548 solvatur,
1188 3473 1257 3535 licet
1282 3491 1315 3535 re
1341 3474 1541 3535 continuetur.

182 3576 225 3638 lta
247 3577 277 3638 in
301 3577 387 3640 titulo
408 3577 544 3640 dlricano
561 3578 628 3640 Ser.
644 3576 784 3641 Caecilius
806 3578 948 3641 Crescens
970 3577 1145 3639 Volusianus
1168 3576 1301 3655 (CVIII,
1320 3577 1414 3657 1174)
1436 3576 1543 3638 dicitur

184 3679 220 3740 ud
242 3681 369 3760 epistulis
391 3682 452 3744 dici
471 3683 616 3756 Amonini,
641 3681 677 3742 od
698 3680 824 3760 epletult's
846 3681 1047 3761 despectorum,
1071 3680 1181 3743 scilicet
1202 3679 1291 3743 llarci
1313 3687 1343 3741 et
1363 3678 1445 3754 Veri3
1471 3679 1541 3740 item

183 3782 213 3843 in
244 3782 357 3845 urbano
386 3782 430 3862 (C.
458 3784 503 3858 Vl,
527 3783 588 3847 798
614 3811 659 3839 =
679 3783 767 3845 Orell.
793 3783 867 3860 801)
891 3783 944 3846 Cn.
967 3783 1106 3846 Octavius
1129 3783 1256 3846 Titinius
1278 3782 1379 3864 Capito
1401 3781 1436 3856 is,
1459 3781 1543 3844 ouius

184 3884 214 3945 in
237 3885 372 3966 epistulis
395 3887 504 3960 (1,1“1.
539 3885 568 3960 8,
586 3884 638 3965 12)
660 3887 774 3949 PIInius
797 3886 947 3960 meminit,
975 3905 1054 3966 proc.
1078 3887 1114 3948 ob
1136 3887 1262 3967 ept'otulr's
1284 3896 1310 3948 et
1332 3904 1351 3947 o
1370 3871 1545 3965 potn’monio

184 4023 226 4034 —-
241 3988 292 4050 ubi
314 3988 494 4069 intellegitur
513 3989 688 4064 Domitiano,
710 3991 794 4053 cuius
817 4008 926 4052 nomen
950 3989 1036 4051 solito
1060 4007 1142 4052 more
1164 4007 1356 4069 suppressum
1381 3995 1435 4062 est,
1458 3995 1488 4048 et
1509 3986 1546 4049 ab

185 4091 318 4173 epistulis
340 4111 407 4154 eum
430 4093 523 4154 luisse
545 4103 574 4155 et
595 4100 817 4174 procuratorem
840 4113 855 4155 a
878 4093 1056 4175 patrimonio
1080 4095 1129 4165 (cl.
1146 4091 1307 4153 Hirschfeld
1336 4090 1546 4170 Verwoltunps-

186 4195 292 4257 deomte
314 4213 343 4275 p.
359 4195 434 4271 200)
450 4231 501 4270 -,
524 4201 629 4258 derum
650 4198 686 4259 ab
709 4197 835 4278 epistolis
858 4198 918 4259 dtoc'
938 4195 1051 4258 Neruae
1067 4241 1074 4256 .
1092 4241 1099 4256 .
1115 4240 1123 4256 .
1139 4241 1158 4268 .,
1181 4196 1217 4257 ud
1240 4194 1351 4275 epr'stol.
1374 4197 1455 4256 tertio
1476 4197 1544 4273 imp.

185 4296 298 4360 Nervae
322 4297 438 4360 Caesar.
464 4299 585 4362 Troiani
604 4301 675 4380 Aup.
701 4299 765 4362 der.
809 4299 851 4360 Ilo
881 4299 1001 4361 nomine
1027 4298 1057 4359 in
1081 4297 1175 4360 tribus
1201 4296 1293 4358 titulis
1316 4297 1411 4358 officia
1433 4295 1546 4358 diverse

186 4408 327 4481 concepta
349 4410 428 4476 sunt,
457 4402 536 4482 quod
565 4403 701 4465 Clemens
727 4411 756 4464 et
778 4402 954 4464 Volusianus
976 4401 1053 4483 apud
1075 4402 1174 4482 plures
1197 4401 1389 4481 imperatores
1411 4407 1546 4480 suscepte

187 4521 247 4564 non
271 4501 469 4578 dinumerant,
497 4504 665 4568 dinumerat
691 4503 807 4587 Capito;
833 4513 932 4585 potest
952 4504 1107 4584 utriusque
1130 4521 1201 4566 usus
1223 4502 1298 4564 ratio
1320 4502 1415 4576 reddi,
1442 4519 1547 4582 quam·

188 4625 275 4687 quam
299 4607 348 4668 ille
370 4607 472 4669 stricto
495 4607 560 4669 iure
582 4607 675 4688 magis
698 4609 931 4669 commendatur.

288 4711 326 4772 At
348 4709 398 4772 ubi
419 4711 569 4791 proviacia
591 4730 650 4774 non
680 4711 864 4792 exprimitur,
894 4708 1010 4772 etiamsi
1033 4708 1162 4771 diversae
1191 4709 1251 4770 sint
1279 4707 1458 4789 provinciae,
1487 4725 1547 4769 non

189 4813 288 4894 inepte
310 4812 426 4875 iteratio
449 4813 580 4895 ponitur.
624 4815 667 4876 lta
688 4814 772 4878 adest
785 4813 817 4875 in
832 4813 917 4875 titulo
934 4813 1162 4894 Superaequano
1178 4811 1222 4892 (C.
1238 4811 1287 4886 Ill,
1303 4809 1386 4873 3306
1401 4837 1444 4864 =
1458 4810 1548 4872 Orell.

1339 4912 1389 4967 12*
