3656 5434
317 383 380 447 tto
798 379 830 433 r.
843 377 1003 436 svmrcu
1020 377 1180 444 nummu
1279 359 1282 368 ’

413 558 449 619 ll.
483 558 634 631 Quirinius
657 577 725 620 cum
753 559 936 620 consulatum
961 559 1084 638 gesserit
1109 577 1134 618 a.
1158 557 1220 619 742
1250 567 1280 619 51
1300 560 1387 639 longo
1410 569 1543 639 tempore
1565 569 1667 641 pastea

315 661 500 742 superfuerit,
535 660 681 723 consulari
713 661 777 722 iure
810 663 977 742 pervenisse
1010 661 1159 740 putandus
1196 671 1241 723 est
1273 662 1309 723 ad
1343 662 1583 742 proconsulatum
1617 671 1671 725 aut

314 763 398 824 Asiae
425 763 590 845 provinciae
619 774 671 826 aut
696 764 819 825 Africae.
869 763 1058 826 intervallum
1084 764 1139 825 bac
1168 771 1263 826 551515
1289 771 1402 824 certum
1430 764 1546 826 nullum
1578 764 1670 828 luisse

314 884 382 927 cam
405 867 475 928 satis
498 876 613 930 constet
635 868 727 945 (nam,
750 877 784 929 ut
806 886 896 948 pauca
920 867 1051 947 exempla
1074 867 1239 945 seligemus,
1262 865 1292 928 G.
1308 865 1428 928 Asinius
1445 867 1545 929 Gallus
1566 887 1627 930 cos.
1643 889 1669 929 a.

315 969 376 1031 746
398 988 513 1049 procos.
536 969 619 1030 Asiae
641 969 696 1031 suit
717 989 743 1031 5.
767 970 901 1054 748749;
924 969 1032 1031 Cossus
1052 970 1204 1032 Cornelius
1220 969 1362 1032 Lentulus
1383 988 1443 1031 cos.
1465 988 1492 1031 a.
1515 970 1576 1032 753
1599 991 1670 1050 pro-

314 1090 374 1132 cos.
397 1070 510 1132 diricae
532 1089 558 1131 a.
582 1070 661 1145 7593
684 1070 736 1132 Cn.
759 1073 903 1135 Lentulus
922 1092 1016 1152 augur
1036 1092 1094 1134 cos.
1110 1091 1136 1134 a.
1153 1074 1214 1134 740
1237 1091 1351 1152 procos.
1371 1071 1456 1134 dsiae
1471 1091 1497 1134 a.
1514 1073 1575 1134 753
1598 1082 1670 1146 551.;

313 1193 340 1234 v.
352 1173 524 1236 Staatrrecbt
533 1171 579 1246 22,
596 1173 739 1236 145241
753 1176 1056 1256 commentariumque
1069 1175 1189 1256 Zippelii
1204 1193 1293 1255 supra
1308 1196 1336 1256 p.
1346 1174 1403 1236 131
1417 1176 1483 1236 535.
1495 1175 1669 1252 1553515517,

314 1295 350 1337 ex
383 1277 446 1337 solo
479 1276 563 1338 titulo
586 1277 755 1353 Tiburtino,
790 1278 878 1341 modo
911 1297 979 1340 eum
1012 1285 1091 1339 recte
1124 1277 1159 1338 ad
1192 1276 1361 1351 Quirinium
1389 1278 1606 1352 rettuderimus,
1640 1289 1670 1341 et

313 1377 413 1440 dsiam
436 1397 504 1440 eum
527 1379 667 1442 sortitum
691 1399 754 1442 esse
776 1381 956 1460 intellegitur
982 1389 1012 1442 51
1037 1388 1155 1460 tempus
1183 1380 1367 1459 aliquatenus
1396 1380 1550 1457 delinitur3
1576 1381 1670 1443 inter—

313 1480 435 1561 ponitur
457 1481 535 1543 euim
559 1483 599 1544 ibi
621 1485 847 1564 proconsulatus
869 1484 947 1545 inter
972 1484 1045 1545 duas
1070 1483 1230 1563 legationes
1256 1482 1388 1563 Syriacas
1421 1483 1493 1556 sive,
1528 1492 1562 1545 ut
1594 1484 1670 1547 inira

313 1583 501 1660 ostendetur,
541 1586 618 1648 inter
650 1604 675 1647 a.
705 1586 766 1648 753
801 1596 830 1648 51
863 1587 939 1656 759,
984 1605 1020 1649 ex
1056 1585 1163 1666 quibus
1205 1585 1292 1647 annis
1333 1595 1482 1666 practerea
1523 1586 1670 1648 eximendi

314 1687 861 1769 5551555175355515555555155,
895 1709 953 1769 quo
976 1690 1028 1752 Cn.
1051 1688 1193 1749 Lentulus
1226 1705 1320 1766 augur
1346 1686 1446 1749 Asiam
1479 1688 1554 1751 rexit
1586 1690 1668 1768 (nam

314 1788 375 1849 dies
402 1808 428 1850 5.
452 1790 512 1851 753
544 1790 640 1853 Daesii
671 1793 709 1853 17
737 1792 797 1853 sive
823 1792 891 1853 Maii
919 1793 966 1866 10,
996 1811 1054 1872 quo
1082 1790 1200 1870 scripsit
1227 1789 1382 1870 epistulam
1410 1789 1440 1851 C.
1464 1790 1485 1851 1.
1510 1792 1559 1853 Gr.
1576 1791 1669 1864 2943,

315 1909 383 1952 eum
406 1893 535 1954 ostendit
556 1912 634 1956 anno
657 1894 774 1976 752753
797 1894 828 1956 15
851 1895 946 1956 5111515
968 1894 1086 1971 luisse);
1108 1896 1231 1954 sortasse
1252 1893 1324 1954 item
1347 1911 1372 1954 a.
1396 1894 1525 1978 754755,
1548 1895 1573 1955 51
1598 1913 1670 1975 pro·

314 1994 498 2057 consulatum
522 1996 560 2058 tt.
576 1997 682 2059 Plautii
709 1997 817 2060 Silvani
840 1997 987 2078 Zippelius
1016 2003 1134 2074 (comm.
1164 2013 1252 2075 supra
1282 1995 1364 2057 citati
1389 2015 1418 2076 p.
1443 1997 1496 2076 13)
1525 2003 1604 2057 recte
1633 1998 1670 2058 ad

314 2116 381 2158 eum
416 2117 526 2161 annum
557 2100 719 2175 revocavit3
749 2109 861 2162 restant
887 2096 978 2180 igitur
1007 2099 1226 2180 proconsulatui
1255 2098 1382 2170 Quirinii
1407 2100 1476 2161 anui
1505 2098 1604 2184 75374
1638 2110 1670 2163 51

313 2201 374 2261 755
398 2201 433 2262 53
457 2201 528 2263 758.
576 2203 614 2264 dt
645 2222 714 2265 eum
736 2203 863 2264 diricam
897 2203 1035 2264 sortitum
1069 2221 1134 2263 esse
1167 2203 1402 2264 demonstratum
1435 2201 1488 2264 ivit
1514 2203 1670 2284 Zumptius

313 2303 345 2382 (l.
361 2321 387 2363 5.
403 2321 431 2382 p.
448 2305 500 2379 917
517 2323 552 2365 ex
573 2306 739 2368 narratione
761 2306 839 2367 Flori
856 2305 884 2378 2,
906 2304 944 2366 31
964 2306 1002 2383 [4,
1021 2305 1069 2378 12,
1086 2305 1136 2365 40.
1153 2305 1218 2381 411:
1242 2303 1417 2366 Musulamos
1438 2315 1521 2386 atque
1538 2305 1670 2369 Gaetulos

314 2405 424 2466 accolas
446 2405 574 2484 Syrtium
590 2407 757 2488 (Augustus)
782 2408 864 2471 Cosso
886 2408 956 2469 duce
978 2412 1154 2487 compescuit,
1168 2407 1244 2468 5535
1257 2406 1305 2468 illi
1316 2406 1456 2469 Gaetulici
1466 2426 1571 2470 nomm
1585 2410 1671 2470 latrias

312 2527 398 2589 guam
420 2512 483 2589 ipsa
503 2513 633 2571 uictoria.
677 2510 789 2573 Pariter
808 2511 1002 2572 Marmaridas
1023 2522 1106 2591 atpue
1128 2507 1320 2572 Garamantas
1343 2509 1476 2581 Quirinio
1503 2511 1671 2592 subigendos

314 2612 401 2684 dadin
423 2615 513 2691 potuit
532 2623 557 2674 et
572 2613 621 2675 ille
635 2615 730 2676 redire
745 2614 947 2688 Marmaricus,
970 2613 1018 2675 sed
1039 2613 1191 2674 modestior
1212 2617 1244 2674 in
1265 2613 1440 2675 aestimanda
1461 2617 1581 2676 uictoria
1601 2616 1669 2694 suit.

312 2713 469 2776 Videamus
492 2715 620 2795 primum
644 2716 679 2776 35
699 2715 756 2777 1551
776 2715 909 2777 15511555.
946 2715 1004 2777 Pro
1019 2714 1154 2787 Quirinio
1176 2715 1250 2777 liber
1263 2714 1439 2776 Nazarianus
1455 2716 1543 2779 babet
1557 2721 1671 2798 quriaio

312 2817 386 2895 (non
408 2821 521 2898 purr'uo,
544 2826 578 2878 ut
599 2822 689 2879 ret'ert
710 2818 852 2898 labnius),
876 2817 1098 2897 Bambergensis
1121 2817 1185 2879 eius
1207 2819 1271 2879 loco
1294 2817 1420 2897 spatium
1444 2837 1584 2893 racuum;
1606 2819 1669 2881 lor-

313 2919 402 2980 35555
425 2938 494 2981 vero
516 2920 703 3000 7115552487
728 2921 769 2982 sic
795 2920 892 2983 locum
923 2919 1031 2982 reddit:
1061 2919 1257 2982 Marmaridas
1278 2931 1305 2983 et
1329 2919 1519 2983 Garamantes
1541 2967 1598 2982 ...
1618 2941 1671 3002 per

312 3020 468 3092 Quirinum
488 3024 602 3104 subegit.
647 3023 804 3086 Substituit
831 3043 884 3104 pro
912 3027 1024 3104 puriuio
1054 3023 1247 3105 Nipperdeius
1280 3022 1311 3084 iu
1344 3023 1483 3103 philologi
1510 3023 1670 3085 Schneide-

313 3125 431 3186 winiani
456 3125 669 3205 vol1p67tl
693 3125 833 3200 Comelio,
857 3146 891 3189 eo
914 3135 1022 3201 motus,
1045 3127 1124 3207 quod
1147 3134 1249 3187 contra
1264 3126 1454 3187 Garamantes
1476 3125 1670 3205 expeditionis

313 3226 438 3299 Quirinii
461 3237 609 3308 praeterea
625 3247 712 3290 nemo
728 3229 872 3303 meminit,
897 3229 1033 3291 meminit
1054 3228 1086 3289 L.
1103 3227 1229 3291 Cornelii
1251 3228 1333 3289 Balbi
1355 3228 1539 3307 proconsulis
1553 3228 1668 3292 Plinius

315 3329 356 3406 (h.
380 3349 410 3390 n.
441 3332 469 3404 5,
498 3333 527 3403 5,
555 3331 609 3393 36:
644 3334 888 3414 clarissimamque
923 3331 1051 3394 Garama
1084 3342 1181 3434 caput·
1203 3329 1420 3401 Garamantum,
1453 3335 1550 3393 omnia
1583 3336 1672 3394 arinis

312 3433 450 3495 Romanis
478 3446 612 3514 superata
640 3446 665 3496 et
693 3454 710 3496 a
735 3434 866 3498 Cornelia
889 3435 978 3497 115115
1004 3434 1207 3514 triumphata),
1240 3441 1360 3513 propter
1391 3452 1480 3513 quam
1517 3434 1670 3496 victoriam

314 3545 462 3598 extremus
484 3537 665 3617 privatorum
687 3537 821 3599 omnium
845 3537 1036 3618 triumphavit
1055 3555 1168 3617 procos.
1185 3554 1220 3596 ex
1233 3535 1329 3598 dirica
1345 3556 1370 3597 a.
1387 3536 1447 3597 735
1464 3539 1541 3611 (last.
1553 3535 1669 3617 Capit).

312 3640 350 3702 dl
372 3640 408 3701 ad
430 3638 516 3700 verba
538 3639 616 3719 qaod
639 3639 752 3713 attinet,
775 3639 827 3720 qui
841 3640 920 3702 Flori
942 3639 1032 3702 crisin
1054 3638 1145 3720 probe
1167 3637 1269 3700 didicit
1287 3657 1347 3699 non
1363 3638 1480 3718 negabit
1494 3639 1530 3700 de
1545 3639 1671 3700 lectione

313 3742 443 3805 decisum
467 3761 531 3804 esse
552 3761 606 3823 per
625 3761 801 3804 consensum
817 3742 968 3804 Nazariani
983 3751 1013 3804 et
1028 3741 1168 3803 iordanis.
1206 3739 1372 3822 Nipperdeii
1387 3750 1486 3803 autem
1501 3742 1672 3804 coniectura

313 3866 348 3908 eo
375 3845 473 3907 minus
504 3845 653 3926 probanda
678 3853 732 3920 est,
766 3846 845 3926 quod
879 3845 922 3908 sic
944 3843 1034 3906 Cosso
1065 3842 1214 3906 Gaetulico
1247 3851 1278 3905 51
1308 3843 1366 3923 ipsi
1397 3843 1531 3905 Cornelio
1565 3862 1671 3924 parum

313 3949 459 4028 eleganter
481 3949 641 4029 opponitur
655 3947 821 4022 Gorneims3
844 3966 939 4028 neque
954 3947 1110 4028 quicquam
1133 3945 1239 4019 obstat,
1262 3946 1422 4025 quominus
1442 3956 1503 4008 tam
1518 3946 1672 4020 Quirinius

313 4072 400 4133 quarn
432 4052 539 4114 Balbus
573 4053 712 4114 adversus
740 4052 931 4113 Garamantes
965 4069 1028 4111 rem
1057 4049 1130 4110 bene
1153 4047 1305 4128 gesserint,
1338 4067 1406 4111 nam
1438 4050 1470 4111 in
1499 4050 1585 4111 Floro
1617 4068 1673 4112 our

313 4165 407 4218 taceat
427 4174 486 4217 non
509 4165 554 4216 est
575 4156 785 4236 quaerendum.
832 4153 953 4234 Subegit
973 4153 1063 4233 igitur
1078 4151 1231 4224 Quirinius
1246 4151 1435 4213 Marmaridas
1457 4161 1488 4214 et
1509 4153 1672 4215 Garaman-

315 4267 377 4332 tes;
411 4267 442 4319 at
471 4258 497 4318 si
527 4276 577 4318 eos
611 4256 726 4336 subegit
758 4256 917 4337 proconsul
950 4254 1078 4328 Africae,
1113 4254 1278 4334 provinciae
1312 4255 1454 4317 terminos
1487 4255 1671 4334 aliquantum

312 4360 445 4423 excessit.
489 4360 563 4423 Nam
581 4359 770 4422 Garamantes
793 4359 911 4439 quidem
935 4359 964 4420 iu
986 4357 1110 4420 desertis
1124 4357 1239 4419 Africae
1261 4357 1408 4420 interioris
1431 4359 1471 4419 ita
1491 4356 1672 4428 habitabant,

313 4473 348 4527 ut
371 4473 430 4525 tam
452 4483 488 4526 ex
512 4463 608 4525 dlrioa
630 4481 718 4543 quam
741 4481 757 4524 a
781 4461 900 4542 Cyrenis
923 4461 1053 4524 exercitu
1085 4460 1146 4542 peti
1181 4471 1316 4540 possent3
1350 4470 1380 4522 at
1412 4469 1514 4522 contra
1546 4459 1672 4540 populos

313 4567 500 4632 Marmaricae
523 4574 617 4628 terrae
644 4565 813 4627 interiectae
846 4565 922 4626 iuter
954 4564 1118 4644 Aegyptum
1153 4570 1183 4624 et
1216 4563 1416 4645 Cyrenaicam,
1450 4582 1525 4642 quos
1558 4561 1672 4642 priores

313 4671 413 4753 posuit
434 4669 537 4732 Florus
559 4677 589 4732 et
611 4678 709 4749 aperte
732 4670 861 4749 potiores
883 4668 994 4743 babuit,
1017 4667 1178 4742 Quirinius,
1202 4687 1269 4730 cum
1293 4668 1439 4748 Aegyptus
1461 4673 1542 4728 extra
1564 4683 1672 4744 quaes-

314 4775 424 4837 tionem
454 4773 506 4846 511,
534 4790 595 4833 555
619 4781 679 4834 tam
702 4791 737 4836 ea
755 4772 852 4834 dirim
879 4769 958 4833 mitti
980 4770 1082 4832 debuit
1103 4789 1191 4851 quam
1219 4789 1255 4832 er
1281 4769 1443 4851 Cyrenaica.
1488 4769 1573 4840 Quod
1601 4785 1672 4850 per-
