3696 5430
1379 405 1513 463 XXXVII

258 589 295 652 ΙΙ.
325 589 463 652 Graecam
493 587 764 670 interpretationem
795 597 854 651 tam
875 589 1074 670 drepanam,
1105 588 1141 650 ad
1167 597 1304 684 eotppum
1327 586 1439 650 scilicet
1459 606 1512 649 ex-

158 701 263 768 actam,
285 711 373 774 mern
396 691 630 772 tpouoniensem
652 691 693 754 ita
714 692 846 774 epposui,
869 701 903 755 ut
924 692 1037 772 singule
1052 701 1196 773 qrretenus
1211 691 1274 753 fieri
1288 697 1387 770 potest
1400 689 1512 751 Latinis

159 797 221 859 suis
247 796 468 877 responderent.
517 795 646 859 Eandem
677 815 743 859 esse
771 806 866 878 patet,
895 797 965 877 quid
992 796 1071 877 quod
1098 796 1129 858 in
1159 796 1251 877 capite
1278 812 1326 855 xxr
1353 792 1511 874 incipiente

158 895 332 959 vocabulum
361 891 442 959 ναόν
475 893 619 958 omissum
652 904 698 956 est
725 895 756 957 in
790 903 916 976 utroque
947 895 1080 976 exemplo
1110 899 1148 972 (v.
1171 915 1200 976 p.
1224 893 1287 974 88).
1341 892 1383 955 De
1415 893 1512 954 indole

159 1000 232 1062 dixit
245 997 393 1061 Kaibelius
412 997 443 1058 in
463 997 633 1078 praemissis
647 997 737 1060 indici
752 998 919 1060 verborum.
956 998 1051 1060 Etiam
1067 1017 1135 1079 pers
1150 999 1256 1061 Graece
1272 998 1343 1060 satis
1358 997 1512 1059 emendate

158 1104 266 1184 scripta
288 1111 347 1176 est,
382 1101 481 1163 minus
511 1110 609 1163 tamur
631 1119 719 1182 quam
743 1101 859 1177 Latine;
885 1102 924 1164 ita
952 1102 1123 1164 exciderunt
1149 1102 1209 1164 sive
1236 1102 1404 1183 interpretis
1427 1101 1511 1182 culpe

158 1205 220 1268 sire
241 1205 315 1268 fabri
331 1205 360 1278 9,
379 1203 417 1266 13
432 1206 504 1286 τρίς
518 1213 549 1266 et
564 1205 612 1278 15,
629 1204 648 1267 3
667 1199 832 1284 Ἀρτάξαν,
855 1205 961 1285 aliique
976 1224 1091 1268 errores
1106 1205 1215 1286 passim
1238 1204 1510 1287 deprehunduntur.

157 1344 199 1356 -
222 1309 367 1372 Venabula
389 1327 457 1370 oum
473 1309 581 1371 Graeca
603 1308 817 1371 consuetudine
832 1309 1052 1380 continuentur,
1074 1327 1129 1370 nos
1145 1327 1261 1388 quoque
1275 1309 1304 1371 id
1319 1307 1511 1382 retinuimus;

157 1415 284 1497 spatium
314 1413 404 1494 igitur
430 1431 556 1476 vacuum
586 1412 637 1474 ubi
664 1413 808 1488 cernitur,
837 1413 934 1494 ipsum
958 1412 1055 1476 estin
1078 1431 1234 1475 marmore.
1257 1447 1298 1457 -
1320 1411 1403 1474 Varia
1425 1413 1511 1474 lectio

157 1517 229 1580 item
251 1516 417 1596 subscripta
442 1525 495 1591 est,
528 1534 627 1597 neque
649 1516 770 1579 omnino
791 1517 968 1596 neglegenda
991 1525 1062 1578 sunt
1087 1533 1162 1596 quae
1188 1516 1236 1578 bio
1263 1515 1321 1577 illic
1342 1519 1511 1579 reseruntur

157 1621 299 1684 elementa
321 1619 407 1682 nobis
427 1619 458 1681 in
481 1620 630 1700 gypseoeis
652 1620 763 1702 ectypis
788 1640 847 1683 uon
863 1621 934 1694 vise,
957 1621 1008 1683 sed
1023 1621 1112 1683 relata
1127 1639 1143 1682 a
1158 1619 1315 1701 prioribus,
1338 1619 1510 1700 praesertim

156 1725 288 1787 Pcrroto.
334 1723 602 1786 Domaszewskium
624 1723 702 1786 enim
720 1725 826 1787 Graeca
849 1725 920 1787 baec
942 1724 1006 1806 ipse
1021 1723 1186 1786 examinare
1201 1743 1261 1785 non
1276 1725 1407 1806 potuisse
1422 1742 1512 1805 supra

157 1828 299 1904 diximus3
322 1845 437 1890 summe
459 1835 558 1889 autern
582 1827 721 1908 religione
743 1827 847 1890 doetus
869 1827 1075 1909 Francogallus
1090 1828 1321 1910 repraesentavit
1342 1847 1416 1909 quae
1439 1827 1510 1891 vidit

157 1941 187 1994 et
208 1932 287 2012 quod
309 1929 485 1993 describenti
506 1930 712 1993 difficillimum
741 1939 786 1994 est
814 1942 848 1995 ut
869 1952 885 1995 a
907 1932 1084 1995 coniecturis
1113 1931 1257 1994 abstineat
1286 1932 1326 1994 ita
1355 1933 1509 2013 praestitit,

157 2044 191 2097 ut
222 2033 398 2115 quibusdem
430 2033 503 2096 locis
536 2033 601 2096 iure
633 2033 772 2115 ambigas,
806 2045 907 2098 utrum
936 2037 1077 2098 Perrotus
1109 2037 1249 2098 erraverit
1281 2054 1320 2098 an
1353 2055 1510 2118 gppsaceee

157 2137 272 2200 tabum
293 2139 464 2218 imperfecte
485 2138 675 2220 archetypum
698 2139 831 2201 reddant.

255 2241 303 2303 tss.
326 2243 497 2322 Sequuntur·
524 2243 657 2323 exempla
686 2241 822 2304 Latinum
856 2235 886 2304 et
907 2242 1050 2305 Graecum
1077 2252 1221 2323 quantum
1248 2243 1311 2305 beri
1338 2245 1434 2325 potuit
1455 2263 1510 2306 cx-

39 2427 43 2434 ,
155 2345 241 2426 pleta,
264 2344 375 2408 adiecta
396 2345 497 2426 paucis
519 2346 591 2408 locis
613 2343 800 2406 adnotatione
822 2344 931 2408 critica.
976 2345 1057 2418 Quae
1083 2347 1287 2428 supplementa
1316 2347 1428 2429 priores
1457 2368 1510 2410 cx*

154 2448 356 2530 cogitaverunt
377 2467 510 2530 quaeque
532 2448 699 2512 coniectura
720 2458 926 2528 reposuerunt,
950 2467 1052 2512 eorum
1080 2450 1157 2512 haud
1180 2468 1273 2530 peuce
1295 2452 1352 2513 iam
1375 2451 1411 2514 ab
1434 2471 1508 2514 ocu-

154 2553 308 2616 latioribus
331 2552 560 2634 descriptoribus
581 2555 612 2614 in
635 2552 700 2633 ipso
714 2551 808 2633 lapide
824 2550 1004 2633 deprehensa
1020 2562 1099 2628 sunt,
1122 2555 1206 2633 longe
1226 2555 1309 2636 plura
1332 2563 1383 2617 aut
1404 2554 1509 2618 Latino

154 2657 288 2738 exemplo
310 2656 424 2738 expleto
446 2665 477 2718 et
498 2657 653 2720 emendato
675 2664 726 2719 aut
747 2655 902 2718 accedente
923 2655 1165 2738 interpretatione
1182 2659 1289 2720 Graeca
1312 2668 1416 2740 sponte
1438 2677 1510 2721 con-

124 2794 131 2805 ·
154 2761 303 2836 ciderunt3
325 2761 451 2840 denique
474 2779 507 2822 ea
529 2779 646 2841 quoque
669 2779 704 2822 cx
727 2760 797 2822 olim
819 2760 952 2842 repertis,
975 2779 1050 2840 quae
1072 2762 1109 2822 ad
1131 2761 1307 2824 sententiam
1322 2781 1389 2824 vera
1412 2774 1511 2825 essent

155 2864 200 2926 rel
220 2872 298 2926 certe
319 2863 488 2946 probabilia,
511 2863 541 2924 in
561 2864 688 2926 editione
703 2865 800 2945 priore
815 2882 868 2944 per
883 2861 1052 2927 universum
1069 2866 1311 2928 commentarium
1328 2865 1510 2929 retractanda

154 2976 239 3030 erant
259 2976 379 3049 propter
401 2967 535 3030 biatuum
558 2967 702 3029 ambitum
729 2987 745 3028 a
772 2967 894 3029 Perroto
922 2968 1043 3031 demum
1071 2978 1205 3031 accurate
1233 2971 1425 3051 exploratum.
1468 2969 1510 3031 Ex

155 3071 235 3133 bisce
255 3071 386 3152 priorum
410 3071 455 3132 vel
476 3070 603 3132 inventis
625 3071 669 3132 vel
691 3070 866 3133 commentis
882 3089 956 3151 quae
969 3071 1028 3133 iam
1043 3071 1157 3134 inutilia
1172 3076 1246 3134 facta
1269 3082 1340 3135 sunt
1360 3082 1390 3135 et
1405 3092 1510 3153 supcr-

155 3193 286 3248 veoanea,
308 3174 380 3236 item
402 3183 454 3236 eut
474 3174 559 3236 novis
581 3173 719 3236 subsidiis
742 3193 842 3236 euersa
863 3184 915 3237 aut
936 3174 1024 3238 etiam
1040 3195 1093 3237 sue
1107 3185 1211 3240 natura
1226 3195 1362 3257 perversa
1377 3177 1509 3259 plerum-

154 3299 212 3360 que
234 3278 350 3340 silcntio
365 3278 524 3360 praeterire
540 3278 629 3340 malui
650 3297 740 3358 quam
756 3281 892 3353 refutare,
916 3297 983 3341 cum
1004 3279 1176 3359 praesertim
1192 3281 1269 3342 iusta
1284 3299 1382 3362 pugne
1396 3299 1456 3342 non
1472 3280 1511 3342 sit

154 3384 232 3445 inter
252 3381 365 3462 priores
387 3382 513 3444 editores
534 3381 700 3444 necessario
722 3382 891 3445 insistentes
913 3383 1053 3464 exemplis
1075 3402 1180 3464 parum
1203 3384 1367 3447 emendatis
1388 3392 1418 3446 et
1440 3402 1507 3446 eum

154 3487 205 3567 qui
237 3477 336 3548 bodie'
349 3486 385 3548 ad
406 3487 494 3548 basoe
525 3486 638 3548 tabulas
660 3485 771 3548 accedit
792 3488 954 3549 instructus
977 3487 1109 3567 exemplo
1131 3490 1260 3568 perfecto
1282 3497 1312 3549 et
1333 3487 1509 3568 interpreta-

155 3591 234 3652 tione
260 3593 321 3652 fere
350 3589 471 3670 integra.
519 3589 561 3651 Ea
590 3608 650 3652 non
678 3590 773 3652 solum
800 3590 926 3670 explerit
952 3591 1101 3671 ingentem
1124 3591 1251 3666 hiatum,
1280 3591 1332 3671 qui
1355 3578 1521 3671 intercepit⁸

154 3693 268 3757 tabulae
290 3693 402 3774 primae
424 3711 526 3755 sersus
548 3693 674 3756 sedecim
697 3703 862 3774 postremos
885 3697 945 3756 tere
968 3703 1054 3768 totos,
1078 3693 1238 3756 sedetiam
1261 3693 1324 3756 eliis
1347 3695 1418 3756 locis
1441 3695 1509 3776 plu-

153 3797 236 3860 rimis
258 3797 290 3858 in
312 3806 394 3877 parte
409 3797 512 3859 Latin'a
534 3797 609 3858 mab
631 3796 737 3858 habitis
760 3816 845 3878 opem
862 3799 939 3860 tulit.
975 3797 1032 3860 Ubi
1047 3807 1146 3860 tamen
1161 3797 1193 3858 in
1209 3797 1280 3859 locis
1296 3796 1508 3861 difficilioribus

154 3921 190 3963 ex
214 3900 362 3981 prioribus
389 3900 536 3980 quendam
564 3918 666 3963 verum
693 3901 738 3962 rel
764 3901 872 3964 vidisse
901 3903 945 3964 vel
967 3901 1152 3970 intercidisse
1173 3901 1442 3981 deprehenderam,
1470 3903 1508 3964 ibi

154 4023 261 4068 nomen
289 4005 352 4067 eius
379 4013 414 4067 ut
443 4023 496 4085 par
523 4013 586 4066 eret
607 4005 764 4086 adscripsi3
795 4015 896 4068 contra
919 4005 1005 4068 tacite
1027 4004 1123 4085 recepi
1146 4004 1349 4084 supplementa
1370 4004 1507 4084 vulgaria,

154 4110 183 4172 id
206 4117 252 4171 est
272 4127 306 4171 ea
327 4127 402 4188 quec
424 4127 484 4170 non
506 4108 557 4189 qui
578 4117 669 4189 ponat
690 4108 851 4172 laudandus
874 4110 928 4184 sit,
952 4109 1003 4171 sed
1026 4107 1282 4188 reprehendendus
1306 4107 1357 4187 qui
1378 4127 1438 4170 non
1459 4107 1507 4170 in-

154 4213 259 4275 veniet.
289 4247 330 4258 —
360 4212 467 4274 Graeca
498 4230 531 4274 ea
554 4213 679 4274 manime
701 4233 774 4292 quae
797 4213 945 4275 adinvenit
966 4213 1108 4274 Perrotus
1130 4213 1211 4288 (nem
1233 4210 1264 4272 in
1286 4209 1508 4274 Hamiltonienis

153 4316 293 4379 Freneius
315 4315 374 4378 iam
395 4315 533 4397 pleraque
555 4324 633 4377 recte
664 4315 824 4395 ordinarat)
851 4316 958 4398 prioris
986 4333 1068 4377 meae
1090 4314 1225 4377 editionis
1248 4333 1334 4376 causa
1357 4315 1510 4377 constituit

154 4419 352 4482 Kircbhoffius
374 4419 486 4481 amicus
508 4427 538 4480 et
560 4419 680 4499 collega,
710 4419 794 4482 cuius
816 4430 897 4493 sunt,
919 4437 1121 4500 quaecumque
1142 4419 1174 4479 in
1197 4437 1230 4481 ee
1251 4419 1389 4498 leguntur
1410 4419 1508 4500 paullo

154 4522 246 4603 magis
273 4521 413 4602 exquisite
440 4530 470 4583 et
491 4529 610 4602 repertu
633 4521 802 4596 difficiliora,
831 4532 891 4584 nm
914 4541 957 4599 ee,
980 4523 1086 4603 quibus
1108 4541 1217 4584 nomen
1240 4522 1304 4585 eius
1326 4523 1507 4603 adscriptum

153 4637 198 4690 est
219 4644 308 4707 quem
332 4625 382 4687 ubi
408 4644 469 4688 uon
495 4634 540 4687 est
566 4627 755 4706 adscriptum.
778 4659 821 4670 -
842 4626 875 4688 ln
908 4628 997 4689 altera
1020 4627 1074 4688 bac
1095 4626 1222 4689 editione
1244 4627 1371 4689 curanda
1394 4634 1508 4707 praeter

152 4730 311 4792 Emestum
328 4729 476 4792 Rormenn
492 4739 521 4792 et
535 4728 703 4791 Udelricum
725 4729 958 4804 aWilamcwitz,
981 4748 1108 4810 quorum
1131 4738 1255 4811 uterquc
1277 4729 1312 4792 ad
1336 4729 1505 4791 universum

151 4834 261 4896 librum
284 4850 345 4896 non
366 4852 459 4914 peuce
483 4833 563 4896 utilia
586 4843 615 4895 et
636 4833 787 4914 ingeniosa
814 4834 967 4913 suggessit,
997 4843 1028 4896 et
1054 4833 1104 4914 qui
1137 4835 1167 4896 in
1199 4834 1235 4895 iis
1268 4853 1342 4914 quae
1375 4841 1507 4914 spectant
