3730 5434
346 313 388 376 38
958 306 997 375 Π,
1015 308 1085 364 5-8

343 511 407 552 eam
430 509 493 552 rem
516 489 710 572 procurabant
730 491 880 570 lustraque
902 489 1080 566 condebant3
1102 489 1231 552 censoris
1251 509 1359 553 nomen
1381 503 1554 573 aspernatus
1577 503 1623 556 est
1644 503 1693 555 ut-

345 602 414 675 pote
435 593 595 655 lactionum
618 594 827 656 certationibus
850 593 938 656 nimis
960 593 1099 656 iactatum
1122 603 1152 655 et
1168 593 1282 655 senatui
1298 594 1424 657 maxime
1445 596 1582 668 invisum,
1605 616 1693 674 quam

346 699 383 758 ob
405 717 467 760 rem
490 697 576 759 etiam
600 697 731 759 censoris
753 697 886 778 perpetui
902 715 1012 759 munus
1027 697 1157 758 oblatum
1173 697 1228 759 sibi
1243 717 1267 758 a.
1285 698 1346 758 732
1362 718 1421 760 non
1437 699 1548 780 accepit
1563 700 1628 779 (bio
1644 701 1693 774 54,

345 801 388 880 2).
424 798 584 862 Verisimile
614 801 702 880 igitur
730 810 775 862 est
801 819 826 860 a.
851 799 911 860 725
939 801 1000 879 lege
1027 801 1082 862 lata
1110 799 1166 880 ipsi
1188 810 1218 861 et
1238 801 1381 883 Agrippae
1404 811 1505 884 utpote
1527 803 1693 865 consulibus

345 903 414 966 anni
441 905 519 977 eius,
547 923 606 984 quo
628 904 756 966 lustrum
785 904 970 965 condendum
998 913 1088 975 esset,
1118 903 1281 965 cerrsoriam
1304 915 1476 986 potestatem
1501 908 1598 968 datam
1621 927 1693 968 esse.

345 1009 453 1070 Eadem
481 1007 594 1070 ratione
621 1027 727 1070 census
756 1007 877 1070 secundi
904 1017 934 1069 et
961 1007 1038 1069 tertii
1066 1027 1167 1081 causa,
1197 1027 1265 1069 oum
1294 1027 1329 1069 eo
1359 1018 1489 1089 tempore
1511 1010 1615 1071 consul
1636 1030 1694 1072 non

346 1121 434 1188 esset,
456 1113 608 1174 consulare
630 1111 788 1192 imperium
811 1113 846 1174 ad
867 1112 896 1172 id
912 1121 1029 1192 tempus
1044 1120 1078 1173 ut
1092 1111 1147 1173 sibi
1163 1113 1352 1174 mandaretur
1366 1113 1461 1175 eliecit
1478 1113 1660 1188 (Stootsrecbt
1675 1113 1694 1172 2

346 1237 375 1297 p.
392 1216 475 1294 326).
520 1216 663 1294 Collegam
687 1235 754 1277 eum
777 1217 808 1277 in
831 1216 958 1278 secunda
980 1233 1104 1276 censura
1126 1213 1239 1276 nullum
1263 1215 1427 1290 habuisset,
1457 1217 1602 1292 Tiberine,
1622 1237 1694 1296 que

348 1339 415 1382 oum
440 1319 555 1382 tertiam
579 1321 814 1394 communicavit,
837 1338 905 1382 cum
928 1339 987 1380 non
1011 1317 1103 1396 magis
1125 1319 1227 1380 consul
1249 1328 1335 1392 essct,
1358 1318 1436 1381 idem
1458 1320 1614 1400 imperium
1635 1321 1694 1399 lege

347 1423 382 1485 de
409 1443 441 1484 ea
472 1443 504 1484 re
531 1424 589 1485 lata
617 1423 737 1503 accepit,
761 1423 918 1504 scribitque
942 1422 1101 1486 Suetonius
1124 1421 1187 1484 Tib.
1204 1421 1258 1481 21:
1283 1423 1339 1504 lege
1358 1442 1412 1502 per
1433 1425 1562 1487 conmles
1585 1425 1644 1486 lata
1665 1435 1694 1486 ut

347 1525 509 1606 (Tiberius)
537 1531 702 1606 prouincias
730 1547 795 1590 curn
821 1527 945 1608 Augusto
972 1531 1157 1588 communiter
1185 1527 1397 1589 administraret
1425 1529 1563 1608 nuruique
1585 1547 1695 1590 αοιιιοι

349 1643 451 1712 ageret.
489 1631 596 1693 Contra
618 1631 697 1710 quod
718 1630 772 1692 Ilio
793 1649 868 1710 quae
889 1630 1054 1710 Augustum
1077 1649 1131 1710 pro
1153 1648 1274 1690 censore
1296 1649 1373 1691 anno
1397 1632 1457 1692 757
1481 1631 1606 1710 gessisse
1628 1632 1695 1704 vult,

348 1753 416 1796 eum
440 1734 564 1814 gessisse
586 1734 678 1796 credit
698 1734 763 1796 iure
785 1734 993 1815 proconsulari,
1017 1741 1251 1794 commentorum
1274 1733 1337 1794 eius
1359 1734 1443 1813 longe
1465 1734 1694 1797 infelicissimum

349 1846 395 1900 est
415 1846 445 1899 et
466 1857 532 1898 rere
554 1837 696 1918 ineptum.

450 1941 543 2003 (lensa
576 1949 652 2004 sunt
679 1961 705 2002 a.
729 1941 790 2003 726
818 1943 910 2021 capita
935 1943 1124 2022 quadragiens
1151 1951 1261 2002 ιαιιιοα
1287 1939 1379 2002 millia
1404 1951 1430 2003 et
1456 1946 1605 2022 aeaaginta
1640 1947 1696 2002 tria

351 2046 458 2117 millia,
485 2044 514 2106 id
542 2053 587 2107 est
609 2044 792 2119 4‚063,000;
824 2063 878 2125 pro
901 2064 960 2125 quo
983 2061 1106 2106 numero
1129 2044 1205 2125 apud
1228 2043 1416 2125 interpretem
1441 2045 1599 2119 Graecum,
1631 2063 1698 2106 aum

349 2148 419 2230 poni
442 2147 561 2208 deberet
581 2145 792 2228 τετρακόσιαι
815 2145 851 2219 ἐξ
871 2145 1030 2229 μυριάδες
1049 2146 1105 2208 καὶ
1126 2146 1316 2227 τρισχίλιοι,
1340 2147 1477 2226 leguntur
1490 2143 1699 2231 τετρακόσιαι

351 2248 506 2333 ἑξήκοντα
528 2249 686 2332 μυριάδες
708 2250 763 2313 καὶ
785 2248 977 2333 τρισχίλιοι,
1000 2250 1031 2312 irl
1053 2259 1098 2312 est
1119 2250 1295 2325 taunuco,
1324 2252 1401 2332 apud
1422 2250 1581 2314 Eusebium
1604 2260 1698 2313 autem

352 2353 452 2434 (verba
476 2353 600 2416 serravit
623 2355 774 2435 Syncellus
797 2375 824 2436 p.
842 2356 903 2417 593
926 2355 1020 2417 Bonn.
1043 2355 1275 2433 confirmantque
1305 2355 1454 2416 versiones
1481 2354 1651 2436 Hieronymi
1672 2363 1701 2416 et

354 2457 524 2519 Armeniaca
540 2476 568 2538 p.
584 2459 652 2520 140.
671 2459 728 2518 141
744 2458 889 2536 Scboene)
901 2457 1039 2538 leguntur
1052 2453 1210 2539 μυριάδες
1226 2453 1287 2527 σις’
1302 2455 1358 2518 καὶ
1374 2455 1412 2543 ld,
1429 2457 1457 2518 id
1469 2467 1514 2520 est
1526 2459 1700 2532 statuto.

355 2561 474 2624 Scilicet
500 2560 572 2622 alter
600 2560 773 2623 vocabulum
801 2566 950 2642 ιιοοροιιο
978 2561 1052 2624 male
1079 2561 1192 2622 rettulit
1218 2559 1254 2621 ad
1282 2560 1485 2640 praecedentia
1515 2563 1704 2643 quadragiens

350 2675 464 2728 centum
492 2665 601 2739 millia,
631 2665 714 2744 quasi
743 2674 821 2727 esset
848 2666 1037 2745 quadragiens
1063 2675 1089 2726 et
1114 2675 1226 2727 centum
1252 2668 1401 2744 seaagiuta
1428 2669 1483 2726 tria
1509 2666 1610 2740 millia,
1632 2667 1703 2726 alter

351 2777 467 2843 autem,
502 2767 581 2829 sicut
612 2777 690 2829 recte
718 2766 882 2830 observavit
909 2769 1062 2849 Zumptius
1090 2768 1183 2830 maior
1208 2769 1289 2843 iiber
1318 2769 1372 2830 den
1399 2767 1492 2831 Stand
1522 2769 1573 2830 der
1603 2769 1703 2832 aert-

351 2873 460 2952 berung
492 2875 532 2934 im
559 2871 718 2934 Altertbum
746 2870 777 2932 in
805 2890 912 2933 comm.
935 2872 1014 2933 acad.
1035 2871 1129 2934 Berol.
1153 2892 1178 2932 a.
1204 2870 1284 2933 1840
1307 2890 1335 2950 p.
1359 2870 1426 2950 29),
1458 2890 1525 2934 cum
1555 2874 1702 2952 Augustus

353 2983 468 3056 praeter
497 2993 585 3036 usum
613 2993 672 3036 non
699 2975 889 3055 quadragiens
916 2975 1051 3048 dixisset,
1085 2976 1135 3037 sed
1162 2974 1274 3037 adiecto
1304 2993 1340 3034 eo
1369 2974 1447 3054 quod
1475 2976 1549 3037 solet
1576 2976 1703 3056 intellegi

352 3081 542 3162 quadraginta
569 3088 681 3139 emtum
702 3078 796 3150 milia,
824 3077 854 3139 id
876 3079 988 3158 accepit
1008 3078 1092 3159 quasi
1114 3078 1235 3140 dixisset
1256 3078 1446 3159 quadragiens
1467 3079 1560 3140 morel.
1603 3080 1703 3160 ltaque

353 3183 503 3262 Augustus
533 3181 718 3263 praecipuam
751 3199 853 3243 curam
882 3181 991 3245 ducens
1018 3201 1137 3244 sensum
1164 3181 1256 3244 animi
1280 3199 1368 3261 quam
1397 3181 1580 3261 apertissime
1606 3183 1703 3264 expri-

353 3304 434 3348 mere
464 3303 519 3347 nec
544 3285 682 3348 dubitans
710 3284 817 3364 gratiae
844 3285 953 3367 aliquid
976 3285 1141 3359 detrahere,
1164 3295 1198 3348 ut
1219 3285 1324 3348 vitaret
1345 3284 1555 3348 obscuritatem
1572 3289 1702 3360 (Sueten.

348 3387 506 3468 Anglii),
538 3396 572 3449 ut
598 3389 640 3460 srt,
668 3389 733 3470 ipso
760 3388 851 3450 nimio
879 3389 1076 3468 ambiguitatis
1104 3389 1236 3450 vitandae
1264 3388 1361 3450 studio
1383 3388 1485 3451 incidit
1507 3389 1537 3450 in
1558 3390 1703 3470 ambigui-

357 3501 457 3555 tatem.
480 3527 520 3535 -
543 3491 609 3571 Egit
638 3491 673 3553 de
699 3493 756 3554 boc
783 3493 847 3555 loco
870 3491 1037 3554 liuscblius
1059 3493 1142 3569 (atbar
1165 3493 1219 3554 den
1240 3511 1297 3553 zur
1318 3493 1376 3556 Zeit
1397 3494 1450 3555 der
1473 3493 1580 3558 Geburt
1603 3493 1706 3557 Gbn'sti

273 3601 279 3612 '
354 3595 520 3677 gebultenen
550 3594 657 3658 Cernen
679 3615 707 3676 p.
724 3597 764 3658 47
776 3617 831 3676 sq,
855 3595 925 3657 item
947 3597 1038 3658 altero
1060 3594 1156 3657 bbello
1177 3597 1249 3657 iiber
1270 3595 1324 3658 dere
1347 3595 1454 3660 aaron
1476 3599 1527 3659 der
1548 3599 1704 3660 Krannon

354 3720 382 3782 p.
398 3704 433 3777 n)
462 3698 613 3778 dibgenter
641 3699 734 3778 magis
762 3718 849 3778 quam
877 3699 1013 3761 feliciter:
1043 3698 1083 3760 ita
1112 3708 1171 3761 tres
1198 3699 1252 3760 bos
1279 3718 1384 3760 census
1407 3719 1438 3760 re
1460 3700 1590 3762 diversos
1613 3701 1703 3762 luisse

355 3803 447 3866 voluit
469 3812 622 3884 propterea
643 3803 723 3882 quod
746 3803 858 3884 primus
882 3802 961 3864 solus
984 3801 1091 3864 diserte
1111 3801 1272 3883 appellatur
1294 3821 1392 3864 carnus
1410 3804 1517 3884 populi,
1540 3823 1635 3883 neque
1656 3803 1705 3864 in-

356 3907 465 3970 tellexit
486 3907 662 3988 Augustum,
683 3917 718 3969 ut
739 3927 791 3988 par
813 3914 883 3980 crat,
906 3905 1036 3986 primum
1059 3924 1147 3967 usum
1170 3925 1234 3967 csse
1249 3905 1291 3966 rei
1306 3906 1389 3986 plena
1405 3906 1580 3980 delinitione,
1604 3916 1703 3988 postea

356 4011 488 4072 breviore
510 4010 728 4092 significatione,
751 4019 781 4072 et
802 4021 880 4073 reate
902 4009 1023 4072 omnino
1047 4009 1220 4072 Suetonium
1244 4010 1327 4090 (Aug.
1344 4010 1397 4089 27)
1420 4011 1498 4073 bunc
1522 4011 1704 4073 monumenti

356 4116 454 4178 locum
478 4115 599 4178 reddere
621 4115 667 4178 his
689 4114 800 4177 verbis:
825 4133 938 4178 censam
955 4114 1058 4194 populi
1077 4124 1121 4176 ter
1142 4117 1204 4193 egit.

401 4445 465 4487 aar.
481 4424 510 4500 2,
527 4445 567 4487 se
597 4423 724 4502 [lterulm
747 4423 892 4486 consulari
919 4441 987 4486 aum
1015 4421 1138 4504 imperio
1165 4423 1289 4488 lustrum
1310 4421 1315 4504 1
1336 4424 1432 4502 [aldius
1458 4425 1513 4490 reci
1541 4425 1571 4486 C.
1594 4425 1704 4487 Censo-

560 4548 572 4588 r
603 4527 677 4607 rin[o
698 4539 723 4591 et
741 4528 782 4608 C.]
799 4527 901 4590 Asinio
923 4531 1017 4602 oos.§
1049 4526 1230 4599 Quartino
1253 4527 1706 4611 censasnntlciviumlioma-

557 4645 572 4690 s
600 4632 717 4710 ndrubn
738 4634 838 4713 capita]
860 4631 1052 4712 quadragiens
1075 4638 1195 4692 centum
1216 4631 1305 4694 millia
1320 4641 1349 4694 et
1368 4630 1501 4710 ducenlta
1517 4632 1635 4711 triginta
1652 4632 1706 4696 tria

603 4734 726 4812 m[illia].
