3656 5444
778 379 831 447 III,
849 381 955 436 35-39
1497 385 1537 445 71

187 574 313 618 numero
338 556 496 638 appellatae
525 557 652 638 legiones
682 578 741 622 non
771 580 880 642 paucae
909 559 1098 642 reperiuntur
1126 560 1203 622 inter
1232 559 1387 622 duodecim
1417 559 1539 640 priores,

187 659 284 720 nullae
306 659 384 722 inter
411 670 477 723 octo
504 663 690 742 posteriores
738 664 818 738 Quae
846 665 951 726 indicia
981 683 1048 727 cum
1079 663 1149 726 satis
1179 663 1304 744 prodant
1334 665 1438 726 harum
1472 673 1539 726 octo

187 762 334 842 legionum
362 764 504 846 originem
527 766 671 828 diversam
695 787 757 830 esse
787 777 816 830 et
838 768 1044 850 posteriorem,
1075 767 1197 829 adeam
1219 767 1313 848 ipsam
1338 767 1538 847 reperiendam

187 867 301 930 ducunt
322 869 494 948 prouinciae,
517 871 547 932 in
570 871 677 952 quibus
698 883 764 935 octo
785 873 838 936 bae
853 872 980 952 legiones
995 873 1126 954 primam
1142 871 1343 933 inveniuntur.
1380 869 1453 932 Nam
1470 889 1537 932 cum

187 971 367 1050 antiquiores
396 973 426 1035 in
454 973 594 1037 laterculo
621 994 709 1056 supra
740 975 889 1057 proposito
916 985 1075 1057 appareant
1100 994 1154 1056 per
1185 974 1352 1037 universum
1380 973 1537 1054 imperium

185 1075 269 1136 nullo
284 1076 384 1138 ordine
400 1077 556 1157 dispersae,
580 1097 614 1140 ex
635 1087 735 1160 postea
751 1079 869 1142 adiectis
886 1089 944 1141 tres
960 1099 1011 1140 xrrr
1026 1098 1073 1140 xxv
1088 1097 1135 1140 τινι
1150 1077 1244 1159 prima
1259 1086 1353 1140 castra
1369 1075 1453 1138 nobis
1468 1085 1538 1138 nota

186 1178 353 1241 babuerunt
373 1180 405 1241 in
420 1181 574 1245 Germania
598 1182 757 1262 superiore,
781 1193 845 1246 tres
856 1203 913 1244 xvu
928 1201 997 1244 xvrrr
1013 1201 1060 1242 xrx
1074 1182 1105 1243 in
1120 1181 1267 1254 interiore,
1289 1181 1363 1242 duae
1377 1179 1408 1240 in
1424 1179 1536 1261 lllyrioo

187 1289 222 1342 tv
245 1292 275 1345 et
296 1303 341 1344 xx.
386 1284 463 1347 llaec
484 1285 535 1366 qui
557 1285 722 1349 considerat
743 1305 843 1350 rerum
866 1306 919 1368 per
940 1287 1004 1348 illos
1023 1304 1115 1348 annos
1131 1293 1277 1365 gestarum
1294 1303 1354 1346 non
1370 1283 1536 1357 immemor,

186 1405 250 1447 eam
267 1387 447 1450 exercituum
471 1388 693 1469 dispositionem
716 1401 873 1472 componet
896 1390 996 1470 utique
1015 1408 1084 1452 oum
1099 1388 1175 1450 bebo
1190 1388 1263 1449 duce
1279 1386 1394 1450 Tiberio
1410 1387 1446 1449 ab
1461 1404 1537 1448 anno

186 1490 312 1552 maxime
336 1492 396 1553 757
425 1501 506 1572 gesto
527 1495 658 1574 primum
681 1503 783 1556 cantra
805 1496 966 1557 Germanos
996 1511 1152 1574 regemque
1180 1491 1400 1564 Maroboduum,
1432 1489 1536 1552 deinde

185 1602 287 1655 contm
298 1595 463 1658 Pannonios
474 1595 678 1676 Dalmatasque
693 1598 875 1660 rebellantes.
909 1598 1003 1672 Quam
1019 1597 1134 1659 obrem
1150 1594 1310 1668 videamus,
1325 1595 1433 1674 quibus
1445 1593 1536 1674 copiis

185 1696 310 1759 Romani
339 1699 384 1760 usi
415 1701 475 1762 sint
501 1719 553 1780 per
579 1699 634 1761 hoc
663 1700 786 1774 bellam,
820 1701 897 1782 quod
924 1706 1091 1763 immensum
1119 1699 1243 1781 appellat
1273 1698 1322 1778 qui
1351 1697 1378 1759 ei
1404 1698 1537 1760 interluit

186 1799 310 1862 Velleius
332 1801 375 1882 (2,
396 1803 476 1882 tut),
500 1802 660 1864 Suetonius
683 1814 781 1865 autem
804 1806 887 1867 testis
903 1805 1027 1885 simplex
1042 1813 1071 1865 et
1086 1803 1181 1882 gravis
1193 1806 1394 1883 pravissimum
1408 1807 1536 1864 omnium
1570 1801 1574 1820 “

184 1917 369 1968 eaterncncns
397 1906 536 1969 ultorum
555 1918 617 1988 post
639 1907 925 1988 lbrraica(l'ib.16).
969 1907 1010 1969 lle
1032 1926 1065 1968 ea
1087 1925 1119 1968 re
1141 1915 1275 1968 auctores
1303 1905 1354 1986 qui
1376 1914 1537 1986 supersunt

186 2008 258 2070 baec
284 2008 369 2070 nobis
393 2009 583 2072 tradiderunt.
629 2009 746 2072 Tacitus
768 2030 836 2072 ann.
854 2010 882 2085 2,
900 2011 940 2073 46
962 2031 997 2072 ex
1020 2010 1150 2073 oratione
1172 2008 1343 2072 Marobodui
1368 2010 1405 2070 ad
1427 2008 1535 2070 milites

185 2131 272 2173 suos:
301 2131 329 2174 se
358 2112 504 2174 duedecim
532 2113 687 2194 leptonibus
706 2119 826 2195 petitum
849 2117 917 2177 duce
941 2114 1049 2176 Tiberio
1071 2113 1219 2176 inlibatam
1243 2112 1453 2175 Germanorum
1472 2113 1535 2194 plo·

183 2220 258 2278 mam
273 2220 437 2290 movisse,
452 2235 521 2279 mou
536 2219 743 2280 condicionibus
759 2223 854 2300 ceptis
870 2219 1030 2282 discessum.
1059 2217 1219 2280 Suetonius
1233 2216 1298 2278 Tib.
1313 2216 1365 2279 16:
1389 2215 1536 2292 (Tiberius

185 2318 306 2394 bellum)
325 2337 380 2399 per
401 2321 555 2400 qubcdecr'm
578 2320 698 2402 lepe'ones
715 2341 867 2403 paremque
888 2323 1067 2384 anciliorum
1082 2325 1190 2402 coptam
1206 2323 1327 2382 triennio
1340 2324 1430 2401 pessit.
1469 2320 1536 2381 Vel-

183 2423 258 2484 leius
286 2431 442 2502 postquem
472 2422 505 2496 2,
540 2425 599 2486 110
627 2425 662 2486 de
689 2425 777 2487 rebus
806 2425 925 2487 urbanis
953 2426 1088 2507 exposuit
1115 2425 1239 2504 bellique
1266 2433 1408 2505 apparatu
1436 2423 1538 2502 (babai

183 2527 307 2598 dilectas,
328 2531 455 2588 revocati
472 2527 598 2607 undique
619 2540 645 2591 et
666 2548 761 2592 amnes
784 2533 918 2602 veterani,
942 2533 1000 2592 utri
1017 2531 1193 2610 feminaeque
1215 2547 1252 2590 ea
1273 2547 1358 2590 censa
1373 2528 1536 2590 libertinum

184 2641 294 2691 coactae
317 2629 386 2691 dare
407 2631 536 2708 militem)
552 2650 576 2692 c.
595 2633 653 2694 111
678 2633 774 2715 primo
797 2652 875 2695 anno
897 2632 964 2694 betti
986 2633 1150 2713 etquidem
1166 2641 1248 2713 parte
1270 2631 1399 2713 priore¹)
1422 2631 1535 2692 exerci-

184 2743 246 2796 tum
270 2733 306 2795 ab
328 2733 401 2796 urbe
422 2733 453 2795 in
467 2733 648 2798 Pannoniam
672 2737 794 2799 ductum
810 2755 874 2798 esse
892 2735 1050 2816 significan
1072 2735 1207 2815 eodem¹)
1222 2734 1381 2798 exercitum
1405 2734 1535 2814 quinque

182 2836 344 2916 legionum,
377 2856 457 2919 ροισι
487 2839 517 2900 Α.
541 2837 662 2904 Caecina
700 2851 725 2902 et
754 2840 890 2903 Siluanus
918 2840 1046 2903 Plautius
1075 2839 1237 2902 cumulares
1264 2856 1302 2900 ea
1334 2841 1535 2898 tranumarbu's

182 2941 359 3003 adducebant
376 2945 539 3021 praeludis,
563 2962 631 3005 cum
654 2944 842 3008 auxiliaribus
866 2943 966 3006 multis
988 2943 1178 3024 equitatuque
1194 2943 1320 3004 maxime
1342 2939 1418 3020 regis
1440 2939 1535 3001 Thra-

180 3043 241 3107 ciae
273 3043 509 3120 Rhoemetalcac,
548 3047 753 3111 adventantem
789 3057 856 3129 post
890 3066 993 3128 magna
1026 3046 1154 3128 pericula
1187 3053 1323 3126 superata
1355 3043 1533 3124 insperatam

179 3166 271 3230 paene
298 3147 449 3210 victoriam
471 3159 621 3230 patrasse;
647 3152 685 3214 ita
708 3153 777 3232 quid
800 3152 937 3213 ellectum
961 3149 1001 3212 sit
1022 3167 1170 3231 exponens
1193 3168 1217 3210 c.
1242 3148 1301 3209 113
1325 3151 1427 3210 innuas
1448 3165 1534 3209 ecer-

181 3252 289 3322 cr'ttbne,
312 3251 417 3331 inquit,
440 3257 540 3334 quique
561 3257 613 3316 neb
632 3255 752 3318 Caesare
772 3259 893 3336 [nerant
914 3259 1015 3337 quique
1035 3256 1073 3317 ad
1087 3273 1151 3316 eum
1165 3263 1310 3324 renuant,
1334 3255 1535 3334 contractisque

181 3359 213 3416 r'n
241 3371 301 3415 una
328 3365 422 3417 eastra
449 3356 541 3419 ἀοσαα
569 3357 741 3438 lepienibus,
769 3364 945 3440 scptuapinta
972 3359 1093 3438 amplius
1119 3357 1289 3428 cohortibus,
1319 3355 1412 3418 decern
1433 3355 1487 3418 alis
1508 3366 1535 3417 et

175 3459 310 3540 plurilus
331 3477 416 3538 ριιουι
439 3459 530 3522 decem
552 3473 752 3524 normanorum
774 3463 896 3536 anilibus,
921 3463 959 3524 ad
980 3462 1031 3523 boc
1051 3481 1155 3541 mapno
1169 3461 1401 3522 colantan’crum
1414 3477 1534 3522 numero

179 3563 376 3644 [repenteque
403 3567 494 3644 equite
522 3569 613 3646 repta,
642 3578 720 3629 tanta
750 3567 868 3648 denique
897 3569 1039 3638 sancitu,
1070 3575 1194 3647 quantus
1214 3564 1295 3626 nullo
1316 3583 1452 3643 umquam
1475 3564 1535 3625 leco

179 3667 279 3746 suerat
296 3678 362 3746 post
384 3665 458 3728 bella
480 3668 581 3730 stettin
627 3667 681 3730 llio
697 3671 747 3742 55,
764 3669 821 3732 31:
845 3661 862 3733 d
882 3665 1099 3745 Αὔγουστος.
1116 3715 1123 3728 .
1140 3713 1146 3728 .
1164 3668 1291 3748 πέμπει
1314 3666 1394 3746 (vere
1416 3686 1441 3727 a.
1459 3665 1533 3744 760)

179 3765 237 3832 τὸν
258 3769 288 3829 Γ
284 3765 459 3850 ερμανικὸν
562 3769 762 3849 στρατιώτας
791 3769 823 3835 oi
853 3767 911 3835 οὐκ
940 3765 1080 3849 εὐγενεῖς
1102 3771 1204 3852 μόνον
1225 3766 1310 3834 ἀλλὰ
1331 3767 1386 3832 ναὶ
1410 3767 1535 3841 ἐξελευ-

181 3873 302 3955 θέρους
325 3867 415 3946 δούς,
448 3867 566 3947 ἄλλους
595 3895 629 3936 τε
655 3875 711 3937 καὶ
739 3870 837 3951 ὅσους
863 3873 957 3961 παρα
984 3874 1104 3940 τετῶν
1126 3867 1255 3955 ἀνδρῶν
1277 3867 1334 3936 καὶ
1357 3869 1448 3954 παρὰ
1470 3871 1534 3936 τῶν

179 3975 343 4054 γυναικῶν
370 3971 508 4049 δούλους
538 3977 622 4060 πρὸς
652 3978 692 4042 τοὶ
716 3977 885 4064 τιμήματα
912 3971 1020 4044 αὐτῶν
1048 3978 1107 4043 σὺν
1134 3977 1238 4066 τροφῇ
1267 3973 1394 4060 ἑκμήνῳ
1422 3975 1534 4057 λαβὼν

180 4071 418 4162 ἠλευθέρωσεν.
463 4099 487 4142 c.
504 4080 559 4143 32:
589 4081 647 4146 τοῦ
669 4079 706 4144 dd
728 4079 769 4166 δι)
799 4082 1001 4164 Γερμανικοῦ
1023 4080 1056 4156 ἐς
1076 4081 1136 4164 τὴν
1165 4083 1353 4145 Παννονίαν
1374 4077 1534 4154 ἐλθόντος

180 4181 236 4245 καὶ
259 4177 513 4267 στρατευμάτων
534 4182 748 4265 πολλαχόθεν
769 4183 874 4248 ἐκεῖσε
889 4181 1078 4250 συνιόντων.
1106 4185 1262 4249 Suetonius
1277 4185 1351 4266 dag.
1367 4183 1422 4247 25:
1447 4186 1533 4248 laber-

281 4481 303 4544 1)
320 4479 445 4533 Nimirum
469 4489 589 4548 quaestor
608 4483 755 4548 designatas
774 4483 829 4550 ipae
849 4497 903 4533 cam
922 4482 955 4533 iis
974 4481 1055 4548 copiis
1074 4479 1160 4544 venit,
1179 4479 1203 4529 id
1222 4485 1263 4530 cst
1280 4487 1339 4531 ente
1357 4480 1413 4530 eine
1431 4479 1490 4530 enni
1508 4479 1531 4529 l.
1624 4487 1628 4492 '

181 4566 237 4628 lul,
264 4575 293 4618 ut
311 4569 414 4634 egregie
434 4569 546 4619 ostendit
563 4569 594 4620 A.
608 4569 635 4621 F.
649 4570 775 4621 Abrabam
794 4585 840 4622 cnr
860 4567 1004 4621 Geecba‘cbte
1020 4566 1066 4619 der
1074 4566 1271 4635 germmueten
1284 4565 1338 4616 und
1347 4567 1532 4632 ponncna'scben

182 4653 273 4721 ttrtege
290 4659 366 4706 auter
383 4655 521 4720 Augustus
538 4656 661 4718 (berolini
682 4657 757 4720 1875)
776 4673 799 4723 p.
820 4656 858 4706 11.

281 4741 304 4803 ²)
322 4739 385 4792 Nam
397 4740 429 4791 ad
441 4755 463 4791 ι.
479 4739 527 4790 'tau
538 4740 600 4791 baec
618 4742 755 4808 pertinere,
773 4757 832 4804 non,
850 4749 878 4792 ut
895 4741 943 4791 alii
962 4747 1115 4806 statuerant,
1133 4739 1165 4791 ed
1182 4754 1204 4789 ι.
1219 4739 1268 4790 ’160
1286 4739 1398 4790 ostendit
1416 4739 1531 4790 narratio

182 4827 271 4878 Dionis
289 4827 330 4893 bb,
343 4825 375 4877 29
394 4824 426 4878 ο1.
445 4825 486 4894 30,
503 4827 612 4880 maxim
630 4843 692 4895 quae
711 4829 742 4880 de
760 4826 938 4879 Rhoemetalce
955 4827 1020 4894 epod
1038 4835 1169 4892 auumque
1188 4833 1318 4878 auctorem
1337 4833 1481 4877 narremur.
