3730 5434
803 395 840 464 u,
860 396 965 452 aa-as
1516 403 1557 466 45

206 597 389 654 concessam,
416 580 472 642 hoc
493 586 609 641 constat
630 584 761 658 spectare
782 577 817 638 ad
842 577 1026 639 tribuniciam
1051 587 1224 658 potestatem
1247 587 1364 659 praeter
1385 589 1555 660 perpetuam

206 685 277 747 item
300 703 428 748 annuam
451 685 566 744 iactam.
611 679 681 742 Data
703 699 789 761 opera
813 681 848 741 de
871 700 903 742 ea
926 699 957 741 re
979 681 1023 760 egi
1046 681 1219 744 Staotsreolrt
1242 680 1283 742 2¹²
1305 703 1333 762 p.
1351 683 1421 744 836.

229 987 294 1028 aar.
310 967 339 1041 2,
355 985 380 1027 as
396 985 423 1028 αι
452 966 603 1046 [Poota'ssex
626 961 772 1024 maximus
800 981 836 1024 ne
870 963 969 1026 flerem
997 963 1026 1024 in
1054 963 1109 1024 rivi
1133 961 1304 1043 [clonlelipoc
1327 966 1426 1038 λοιιινα,
1454 966 1559 1046 popolo

395 1089 422 1132 as
448 1071 479 1132 id
492 1067 691 1147 snmlrdotium
708 1068 855 1129 deserente
871 1067 952 1141 milri,
967 1067 1045 1146 quod
1061 1077 1142 1146 pater
1157 1070 1252 1144 menis
1271 1067 1275 1151 Ι
1294 1069 1400 1144 habuit,
1420 1075 1557 1132 recusavi.

395 1189 423 1234 ιο
451 1171 519 1252 Cepi
538 1173 582 1248 id]
609 1171 806 1234 sacerdotium
829 1171 945 1251 aliquod
968 1180 1036 1252 post
1056 1173 1149 1233 annds
1179 1174 1214 1232 cd
1241 1171 1374 1252 morlituo
1398 1175 1559 1255 φιλαυτία

394 1296 420 1339 ar
448 1287 540 1338 υιοίαε
555 1274 715 1353 olccasione
731 1285 921 1356 occupaverat
936 1278 983 1354 [θη
1005 1285 1109 1336 cuncta
1133 1295 1166 1336 ex
1182 1275 1262 1338 ltalia
1282 1275 1286 1359 Ι
1306 1277 1482 1354 [adramitis
1496 1297 1559 1339 meo
1616 1289 1619 1296 ’

396 1398 423 1440 ae
452 1425 533 1441 ....
556 1391 637 1442 tonte
658 1379 861 1458 multitudine,
885 1389 992 1458 quanta
1011 1379 1120 1440 Romae
1143 1381 1313 1457 nun[qluom
1333 1380 1337 1462 l
1357 1384 1450 1457 {anteo
1468 1384 1557 1462 [ιιιέεο

454 1488 560 1566 fertur,
582 1485 706 1561 ουοιιιιίι]
730 1483 762 1544 P.
780 1483 908 1563 Sulpicio
931 1482 962 1544 C.
984 1481 1082 1562 Valgio
1104 1482 1292 1562 eonsulihuis]
1309 1487 1336 1558 ξ.

209 1606 256 1648 oa.
269 1586 373 1668 Ancyr.
387 1591 415 1662 5,
432 1609 458 1651 aa
471 1607 497 1650 ao
510 1587 603 1667 Apoll.
620 1587 648 1658 3,
670 1606 709 1648 ta
726 1583 994 1670 Ἀρχιερωσύνην,
1023 1581 1063 1664 ἣν
1085 1581 1102 1648 ό
1126 1584 1234 1670 πατήρ
1259 1584 1263 1668 Ι
1288 1589 1371 1669 [pion
1396 1584 1557 1672 [ἐσχ]ηἰιει,

402 1711 426 1753 ἀ
457 1693 515 1753 τοῦ
545 1686 650 1772 δήμου
677 1711 735 1772 μοι
763 1685 1005 1772 καταφέροντος
1025 1688 1029 1770 l
1049 1689 1097 1762 είς
1131 1688 1189 1752 τὸν
1218 1691 1276 1753 τοῦ
1303 1688 1421 1766 ζῶντος
1442 1691 1558 1768 τόπον,

397 1813 424 1857 aa
451 1789 489 1857 οό
511 1791 826 1876 προςεόεξάὲμ[η]ν.ἓ
867 1789 925 1876 [ἢΙν
947 1789 1175 1874 όρχιερατείαν
1189 1790 1271 1876 μετά
1285 1816 1377 1868 τινας
1392 1794 1560 1870 ἐνιαυτοὺς

338 1899 367 1972 6,
386 1917 424 1960 aa
454 1894 467 1980 ΙΙ
482 1892 717 1970 ἀποθανόντος
744 1897 802 1960 τοῦ
832 1892 1132 1979 προκατειληφότος
1159 1891 1269 1980 αιἠτην
1295 1895 1330 1961 ἐν
1352 1897 1559 1972 πολειτιιιαΐς

409 2020 422 2062 a
451 2001 626 2084 ταραχαῖς,
656 1996 839 2083 ἀνείληφα,
867 1993 913 2074 εἷς
936 1999 1006 2084 1τά
1036 1997 1099 2082 ἐμὰ
1124 1995 1320 2081 ἀρχαιρέσια
1347 1999 1383 2073 ἐξ
1407 1997 1483 2086 ὅλης
1504 2003 1560 2088 τῆς

381 2122 420 2166 ιε
447 2100 584 2177 Ἰταλίας
605 2098 772 2187 τοσοόητου
794 2097 949 2186 πλήθους
964 2093 1239 2186 συνεληλυθότος,
1262 2096 1344 2165 όσον
1359 2099 1465 2178 οὐδεὶς
1484 2105 1489 2186 Ι
1509 2103 1559 2168 ἔν-

451 2211 604 2289 προσίλεν
620 2202 792 2289 ἱστόρησεν
806 2206 861 2284 (sic
875 2207 978 2288 Apoll,
1001 2203 1133 2290 ἱστόρης
1147 2207 1232 2286 Aac.)
1254 2204 1313 2270 inl
1331 2203 1450 2291 Ῥώμης
1464 2231 1559 2288 γεμο-

410 2333 423 2374 ο
449 2313 540 2374 νέναι
566 2309 715 2393 Ποίπλίφ
738 2309 929 2393 Σουλπικίιμ
951 2308 1007 2372 καὶ
1032 2312 1122 2394 Γαίῳ
1148 2305 1299 2395 ίλόαληίφ
1323 2303 1473 2387 όποίτοις.

209 2441 242 2504 ln
266 2441 376 2505 Latinis
398 2463 425 2504 r.
441 2441 481 2503 23
512 2442 656 2523 ceolepoe,
683 2441 761 2520 quod
785 2441 925 2521 Bergkius
948 2461 983 2502 ex
1005 2441 1135 2521 vestigiis
1166 2443 1364 2523 recuperavit,
1392 2443 1465 2524 lapis
1487 2463 1558 2505 cou-

209 2547 316 2608 firmat.
338 2581 379 2592 -
396 2546 427 2607 V.
443 2546 484 2608 26
507 2564 574 2607 cum
597 2564 650 2625 ego
673 2544 817 2606 dedissem
838 2545 1006 2624 perciades
1029 2547 1222 2616 dissensiones,
1245 2545 1387 2624 Berglsius
1409 2549 1440 2606 ιά
1461 2565 1561 2608 rmum

210 2652 386 2730 confusione,
419 2649 477 2712 iam
505 2650 628 2711 lectione
651 2649 762 2729 expleta
786 2649 988 2729 supplementa
1012 2649 1150 2710 mutanda
1173 2651 1301 2710 inerunt.
1341 2649 1474 2711 Ciuilium
1496 2661 1561 2712 tror-

210 2754 311 2814 domm
332 2753 545 2834 praetulissem,
574 2752 631 2814 nisi
656 2753 785 2814 obstaret
815 2754 956 2834 spatium3
984 2773 1051 2815 nam
1081 2762 1148 2814 ante
1180 2771 1363 2814 censione
1395 2771 1453 2814 non
1488 2753 1561 2813 deti-

211 2857 294 2918 ciunt
325 2857 393 2939 plus
428 2857 541 2919 litterae
563 2875 620 2916 xxr.
644 2890 686 2901 -
708 2855 748 2917 27
770 2858 810 2919 in.
834 2858 1006 2920 exciderunt
1038 2857 1151 2918 litterae
1172 2875 1293 2917 c.xrru.
1316 2891 1358 2900 —
1380 2856 1412 2918 ln
1443 2856 1560 2918 Graecis

211 2963 239 3034 5,
256 2959 297 3022 22
319 2955 359 3043 ἢν
380 2960 452 3042 lapis
474 2960 593 3040 flagitat,
616 2961 666 3022 uhi
688 2959 747 3044 την
768 2981 822 3023 nos
845 2979 1046 3042 posueramus,
1069 2956 1188 3044 ταύτην
1209 2960 1359 3040 Berglrius.

310 3064 367 3126 lies
397 3073 492 3126 notae.
536 3064 609 3126 Post
631 3064 761 3127 Caesaris
790 3065 941 3127 dictatoris
968 3073 1095 3126 mortem
1117 3085 1143 3126 a.
1166 3084 1195 3126 u.
1219 3083 1244 3126 ο.
1261 3065 1322 3124 710
1344 3067 1375 3124 io
1396 3065 1560 3142 confusione

209 3187 310 3230 reram
331 3188 364 3229 oc
386 3169 510 3232 tumultu
532 3168 570 3230 til.
586 3167 706 3249 Lepidos
726 3171 922 3250 pontificorum
937 3173 1096 3230 mammam
1111 3173 1254 3248 intercepit
1268 3168 1343 3247 (liv.
1359 3186 1404 3247 ep.
1424 3168 1500 3240 1173
1523 3171 1559 3228 cl.

209 3272 279 3333 Vell.
297 3271 325 3346 2,
346 3272 401 3333 63:
421 3274 555 3352 ponto'sen
575 3276 721 3334 mocimus
738 3277 769 3333 ia
787 3273 916 3334 Caesaris
936 3273 1029 3335 ίοοαια
1048 3275 1129 3352 scorto
1148 3283 1267 3344 ονοοιιιε,
1290 3270 1399 3332 scilieet
1414 3289 1472 3332 non
1489 3291 1560 3332 con-

209 3375 287 3437 sulto
316 3375 424 3455 populo
452 3384 525 3436 teste
552 3375 643 3436 Ilione
665 3376 684 3436 l.
708 3378 748 3436 44
770 3386 860 3450 extr.;
889 3376 1041 3437 lirumann
1067 3379 1093 3450 1,
1118 3375 1180 3454 15).
1224 3373 1299 3434 Eum
1328 3372 1450 3434 retinuit
1472 3373 1558 3434 etiam

209 3489 277 3560 post
301 3479 470 3558 ademptum
502 3478 658 3559 imperium
686 3499 711 3540 a.
735 3479 811 3552 718,
838 3498 907 3544 nam
936 3499 1002 3541 eum
1032 3479 1156 3542 interfici
1182 3496 1249 3538 eum
1279 3477 1385 3538 Caesar
1410 3477 1560 3550 vetuisset,

209 3581 309 3662 religio
337 3581 451 3642 obstitit
478 3583 637 3660 quominus
666 3581 731 3643 rivo
758 3585 922 3644 auferretur
954 3583 1154 3664 pontificatus,
1187 3581 1242 3643 etsi
1274 3598 1335 3640 non
1368 3578 1461 3640 solum
1496 3590 1558 3640 turn

209 3705 226 3747 a
255 3685 362 3766 populo
385 3685 499 3746 Caesari
526 3685 640 3747 oblatus
664 3685 825 3766 (Appianus
847 3685 875 3746 b.
899 3706 923 3747 c.
940 3689 968 3760 5,
995 3687 1068 3747 131:
1101 3687 1162 3748 τοῦ
1187 3681 1293 3766 όήμου
1320 3679 1378 3764 τὴν
1404 3685 1561 3764 μεγίστην

211 3785 388 3871 ἱερωσύνην
410 3785 443 3860 ἐς
466 3783 565 3850 αὐτόν
586 3787 621 3852 εἰι
647 3787 804 3852 Λεπίδου
826 3792 1078 3872 μεταφέροντος,
1107 3785 1146 3873 ἢν
1175 3791 1229 3850 ἕνα
1258 3783 1343 3864 ἔχειν
1370 3781 1561 3866 νενόμισται

210 3893 304 3972 μέχρι
326 3888 490 3966 θανάτοιν,
514 3887 573 3954 οὐκ
588 3890 728 3970 ἐδέχετο,
752 3897 789 3955 ci.
811 3895 839 3966 5,
858 3894 932 3968 1263
955 3894 1007 3955 llio
1024 3895 1074 3968 49,
1092 3895 1140 3954 15.
1157 3891 1206 3964 56,
1222 3889 1278 3963 38,
1310 3889 1390 3949 Suet.
1407 3889 1478 3968 Aug.
1495 3889 1559 3962 31),

210 3994 368 4057 sedetiam
392 4006 492 4074 postea
514 4013 601 4076 saepe
624 3997 689 4073 (llio
712 3999 841 4078 54.15).
871 3999 987 4060 Mortuo
1015 3999 1131 4058 tandem
1155 3994 1264 4075 lepido
1286 4010 1363 4054 anno
1379 3992 1484 4071 opinor
1499 3993 1557 4052 741

211 4098 292 4178 (nam
315 4097 355 4160 ita
377 4098 590 4179 explicandum,
614 4101 691 4179 quod
714 4101 838 4180 Augusti
860 4101 1035 4163 creationem
1059 4100 1094 4162 ad
1117 4101 1196 4161 hune
1211 4115 1322 4159 annum
1337 4098 1427 4156 refert
1440 4095 1494 4156 llio
1509 4096 1559 4170 54,

210 4201 265 4281 27)
286 4203 437 4283 Angustus
459 4203 590 4282 pontifex
613 4206 760 4266 maximus
782 4208 876 4268 iactus
898 4214 944 4266 cst
965 4224 990 4265 a.
1008 4203 1069 4264 742
1086 4203 1204 4265 Martii
1225 4201 1349 4263 testibus
1371 4201 1454 4263 fastis
1470 4201 1559 4263 Prae-

210 4305 335 4366 nestinis
364 4307 413 4385 (ei.
435 4306 466 4367 G.
489 4307 509 4367 l.
526 4306 587 4368 L.l
610 4327 637 4388 p.
655 4308 738 4388 387).
777 4307 910 4370 Suetonii
933 4307 1020 4370 rerba
1042 4329 1067 4370 e.
1088 4307 1142 4369 31:
1166 4307 1364 4388 pontificatum
1389 4311 1559 4378 monimum,

210 4427 293 4490 φιαα
319 4429 474 4492 numquam
502 4416 566 4474 οιόο
594 4411 696 4492 Lepido
729 4414 848 4491 cosme
873 4416 1062 4485 sustinuerat,
1094 4423 1208 4473 mortuo
1235 4411 1349 4472 ιίοιααυι
1374 4415 1476 4491 recepit
1498 4415 1559 4471 lor-

212 4523 288 4575 tasse
311 4534 346 4574 ex
366 4515 431 4596 ipso
455 4516 510 4578 hoc
531 4516 634 4578 indicis
656 4517 719 4578 loco
742 4525 860 4596 sumpta
882 4525 961 4576 suut.
1004 4517 1170 4577 Extremam
1195 4513 1283 4574 huius
1306 4513 1360 4574 loci
1383 4515 1557 4577 sententiam

210 4617 246 4678 ad
278 4618 463 4680 comitiorum
492 4620 527 4681 de
554 4619 687 4700 Augusto
715 4619 851 4701 pontifice
879 4619 1005 4680 maximo
1034 4619 1158 4680 creando
1185 4617 1330 4696 insignem
1365 4619 1557 4697 frequentiam

210 4720 356 4802 pertinere
378 4723 486 4784 Graeca
507 4723 709 4804 interpretatio
730 4723 853 4804 aperuit,
876 4743 943 4785 cum
966 4733 1049 4786 antea
1072 4723 1107 4784 de
1129 4721 1192 4782 aliis
1214 4720 1261 4782 alii
1283 4720 1466 4800 cogitassent
