3656 5434
319 364 381 428 176
801 358 833 414 Ρ.
847 358 1006 416 SVLPIGII
1025 358 1185 424 QVIRINII

315 536 373 613 τός
395 562 430 602 τε
445 536 546 612 ἀλλος
561 533 662 620 ἀρχὰς
677 535 907 610 ἐπιτετελεκὼς
922 537 977 600 καὶ
994 536 1053 600 διὰ
1068 539 1185 600 πασῶν
1201 534 1340 612 ὁδεύσας
1360 535 1484 614 ὕπατος
1502 543 1672 619 γενέσθαι,

314 640 404 704 τότε
419 638 503 704 ἄλλα
518 634 680 723 ἀξιώματι
696 641 809 720 μέγας,
833 639 894 701 σὺν
909 635 1034 717 ὀλίγοις
1053 639 1112 703 ἐπὶ
1127 643 1394 725 Συρίαςπαρῆν,
1417 639 1486 707 ὑπὸ
1505 647 1674 724 Καίσαρος

315 740 525 826 δικαιοδότης
540 743 598 806 τοῦ
614 741 736 815 ἔθνους
751 736 997 824 ἀπεσταλμένος
1012 737 1068 804 καὶ
1082 740 1218 825 τιμητης
1233 743 1296 806 τῶν
1312 740 1434 808 οὐσιῶν
1445 743 1672 829 γενησόμενος,

315 845 440 926 denique
458 845 507 920 18,
520 845 578 918 2,l
595 853 750 926 postquam
767 844 934 917 Quirinium
952 846 1206 907 commemoravit:
1229 846 1295 910 τῶν
1317 844 1549 932 ἀποτιμήσεων
1569 853 1673 931 πέρας

315 947 472 1028 ἐχουσῶν,
497 949 536 1007 αί
556 941 707 1024 ἐγένοντο
722 947 905 1031 τριακοστῷ
921 948 976 1008 καὶ
992 945 1124 1032 ἑβδόμῳ
1141 945 1205 1010 ἔτει
1228 949 1310 1032 μετὰ
1320 946 1495 1015 Ἀντωνίου
1510 951 1546 1014 ἐν
1556 948 1672 1036 Ἀκτίῳ

314 1044 414 1133 ἧτταν
435 1044 502 1112 ὑπὸ
525 1051 701 1129 Καίσαρος,
724 1051 776 1128 qui
798 1069 892 1112 annus
915 1052 1091 1126 esttamen
1115 1071 1143 1112 u.
1160 1071 1184 1112 c.
1221 1053 1275 1114 Hic
1290 1055 1369 1116 enim
1385 1073 1492 1117 census
1507 1056 1670 1128 aQuirinio

313 1154 468 1217 institutus
490 1172 557 1215 rere
580 1153 693 1233 primus
716 1152 781 1227 luit,
803 1172 892 1232 quem
914 1153 1040 1214 Romani
1061 1155 1092 1216 in
1115 1154 1278 1217 Palaestina
1300 1159 1442 1220 lecerunt.
1480 1158 1670 1219 adeuntem

313 1276 434 1319 censum
460 1257 559 1337 Syriae
581 1264 659 1317 recte
680 1258 845 1318 reserentur
867 1275 941 1336 quae
964 1257 1000 1317 de
1023 1275 1112 1318 censu
1127 1257 1346 1336 Apamenorum
1369 1260 1405 1321 ad
1422 1260 1563 1323 Orontem
1586 1261 1670 1323 iussu

313 1359 439 1433 Quirinii
461 1362 537 1420 lacto
559 1358 591 1420 in
614 1357 699 1420 titulo
723 1359 831 1420 Veneto
853 1359 954 1439 (supra
977 1379 1006 1439 p.
1021 1359 1094 1438 166)
1122 1360 1287 1422 traduntur.
1331 1360 1408 1422 Eum
1430 1381 1551 1424 censum
1576 1362 1669 1424 Lucas

312 1482 367 1524 suo
390 1480 488 1523 errore
511 1462 547 1524 ad
569 1462 672 1523 orbem
687 1471 831 1523 terrarum
849 1461 986 1535 extendit,
1010 1480 1078 1524 cnm
1095 1481 1161 1524 rere
1176 1462 1351 1543 pertinuerit
1366 1465 1402 1525 ad
1418 1464 1531 1545 Syriam
1547 1465 1668 1545 provin·

312 1566 387 1627 ciam
410 1565 516 1640 solam3
539 1564 608 1626 item
633 1582 731 1626 errore
757 1565 819 1636 1,5
842 1565 941 1644 posuit
966 1565 1038 1626 haec
1059 1564 1189 1627 evenisse
1212 1562 1247 1627 ἐν
1269 1574 1343 1638 ταῖς
1366 1562 1503 1649 ἡμέραις
1523 1563 1669 1650 Ἡρῶδου

312 1667 373 1730 τοῦ
387 1663 552 1748 βασιλέως
566 1665 622 1747 τῆς
630 1657 805 1740 Ἰουδαίας,
821 1685 888 1727 τοττι
902 1667 1031 1728 Ηοτοδοε
1047 1667 1204 1728 excesserit
1218 1687 1244 1728 a.
1257 1669 1318 1730 750
1334 1688 1401 1730 rere
1413 1669 1518 1745 (ldeler
1533 1670 1668 1732 Chronol.

313 1769 341 1843 2,
355 1768 440 1847 300).
485 1768 534 1831 llis
554 1787 670 1830 censam
691 1787 755 1829 esse
778 1768 913 1831 ludaeam
934 1769 1101 1843 aQuirinio
1123 1778 1153 1831 et
1174 1769 1303 1849 primum
1326 1771 1444 1850 quidem
1468 1791 1503 1834 eo
1527 1781 1667 1852 tempore,

312 1892 371 1952 quo
394 1891 411 1934 a
432 1871 573 1934 Romanis
595 1872 677 1933 nullo
700 1873 788 1932 modo
810 1872 921 1934 censeri
944 1873 1040 1952 potuit
1063 1891 1196 1953 quaeque
1218 1872 1281 1934 eius
1309 1873 1424 1951 generis
1451 1873 1504 1934 alia
1532 1874 1667 1936 homines

311 1975 439 2055 theologi
462 1976 507 2037 vel
528 1993 588 2036 nou
612 1974 747 2053 theologi,
771 1975 821 2036 sed
844 1975 879 2036 ad
902 1975 995 2036 instar
1017 1975 1217 2055 theologorum
1235 1995 1270 2036 ex
1286 1976 1409 2039 vinculis
1425 1977 1667 2048 sermocinantes,

311 2097 346 2138 ex
369 2077 464 2139 Lucae
480 2077 620 2138 relatione
635 2077 710 2138 ellici
725 2095 812 2156 posse
828 2076 882 2138 sibi
898 2077 1040 2157 primum,
1064 2097 1131 2139 mox
1147 2078 1210 2140 aliis
1226 2089 1445 2158 persuaserunt,
1468 2097 1568 2140 rerum
1585 2079 1665 2158 gnari

311 2198 495 2259 nequaquam
524 2187 668 2252 statuent,
703 2179 753 2241 sed
787 2181 843 2241 hoc
877 2190 1009 2243 statuent
1030 2181 1138 2242 bucam
1170 2181 1201 2242 in
1229 2199 1328 2243 rerum
1358 2182 1499 2243 memoria
1527 2182 1665 2243 tradenda

310 2282 468 2362 losephum
492 2282 566 2344 male
588 2282 760 2363 compilasse
783 2291 813 2344 et
834 2301 900 2344 vera
928 2283 1009 2345 falsis
1037 2282 1200 2344 miscuisse.
1251 2282 1352 2362 Neque
1387 2285 1415 2346 id
1449 2303 1509 2346 non
1542 2284 1666 2364 pervidit

309 2386 399 2447 homo
422 2404 481 2446 non
504 2385 586 2446 rudis
609 2394 638 2447 et
659 2386 729 2446 satis
745 2395 848 2446 acutus
864 2385 1079 2458 Tertullianus,
1102 2403 1170 2446 nam
1189 2395 1220 2447 ut
1236 2387 1381 2448 contraria
1403 2387 1450 2450 illa
1465 2387 1587 2449 evitaret
1601 2391 1663 2448 lor-

311 2500 387 2550 tasse
410 2488 520 2550 obiecta
547 2487 719 2550 Christianis
741 2489 777 2549 ab
799 2489 896 2567 aliquo
922 2507 1024 2549 eornm
1051 2487 1225 2560 adversario,
1248 2488 1417 2562 Quirinium
1447 2490 1571 2551 missum
1595 2489 1663 2550 lecit

309 2611 474 2672 censusque
496 2591 560 2652 illos
583 2591 685 2655 scribit
707 2592 781 2664 (adv.
798 2590 973 2652 Marcionem
991 2590 1087 2668 4,19)
1111 2601 1185 2652 octos
1207 2591 1258 2652 τοὺ
1282 2593 1405 2672 Augusto
1433 2597 1463 2654 ιἰι
1486 2591 1593 2656 Iudaeo
1613 2612 1666 2672 per

309 2693 440 2756 Sentium
461 2694 661 2768 Saturninum,
685 2692 796 2755 scilicet
817 2693 868 2772 qui
890 2691 1049 2773 praetuerit
1071 2693 1170 2772 Syriae
1193 2693 1257 2755 vivo
1281 2694 1403 2756 Herode.
1428 2731 1469 2739 —
1491 2695 1569 2756 llaec
1590 2714 1664 2774 quae

308 2797 507 2859 enarravimus
542 2816 610 2858 cum
640 2797 676 2858 de
703 2795 837 2868 Quirinio
865 2796 939 2856 nihil
966 2796 1089 2857 doceant
1122 2814 1181 2856 non
1214 2797 1365 2876 cognitum
1399 2798 1531 2871 aliunde,
1568 2799 1661 2858 Lucae

307 2899 437 2960 narratio
466 2899 522 2960 alio
549 2898 668 2960 nomine
695 2901 819 2960 fortasse
841 2899 877 2960 ad
899 2907 1031 2960 nostram
1059 2916 1122 2960 rem
1151 2897 1221 2960 lacit
1246 2899 1435 2978 prioremque
1458 2899 1558 2979 Syriae
1585 2899 1663 2978 lega·

309 3001 417 3063 tionem
441 3001 568 3074 Quirinii
589 3001 807 3080 quodammodo
835 3009 865 3063 et
891 3002 952 3081 ipsa
980 3001 1143 3062 confirmat.
1187 3000 1259 3062 Nam
1287 3001 1383 3081 pergit
1401 3001 1494 3063 Lucas
1517 3001 1546 3074 3,
1565 3004 1592 3062 1.
1623 3001 1662 3064 23

308 3103 406 3166 lesum
437 3105 568 3184 coepisse
597 3104 711 3184 publice
741 3103 872 3184 profiteri
899 3122 976 3165 anno
1003 3103 1117 3164 decimo
1146 3104 1248 3183 quinto
1276 3104 1385 3165 Tiberii
1412 3104 1543 3166 Caesaris
1570 3123 1663 3165 annos

306 3215 409 3268 natum
425 3206 542 3268 circiter
557 3205 689 3284 triginta;
705 3206 784 3267 unde
794 3205 991 3267 Tertullianus
1004 3206 1080 3280 (adv.
1093 3206 1215 3267 ludaeos
1231 3225 1256 3266 c.
1270 3206 1302 3284 8)
1315 3206 1420 3286 aliique
1436 3207 1550 3287 antiqui
1566 3217 1662 3286 patres

307 3309 473 3389 complures
496 3309 676 3388 collegerunt
691 3308 840 3370 Christum
864 3317 965 3371 natum
989 3327 1069 3370 essse
1091 3327 1168 3370 anno
1184 3308 1308 3388 Augusti
1326 3309 1550 3389 quadragesimo
1566 3309 1662 3389 primo

306 3412 351 3472 ael
372 3411 595 3491 quadragesimo
619 3411 747 3472 seeundo
771 3411 830 3473 sire
852 3431 877 3472 a.
903 3432 930 3473 u.
954 3430 978 3472 c.
996 3411 1090 3492 'lblyl
1114 3411 1221 3491 (ldeler
1243 3413 1373 3474 chronol.
1393 3415 1419 3485 1,
1436 3412 1521 3492 385).
1566 3413 1659 3474 Etiam

305 3513 450 3575 Eusebius
464 3513 495 3574 in
511 3513 656 3574 chronicis
671 3533 700 3593 p.
710 3515 770 3574 144
784 3513 851 3574 Scb.
864 3515 899 3574 ad
915 3533 941 3576 a.
951 3514 1020 3575 hbr.
1033 3514 1116 3576 2015
1130 3514 1173 3574 vel
1186 3513 1268 3576 2016
1280 3515 1360 3594 quod
1375 3515 1527 3577 adscribit:
1545 3513 1663 3598 ταύτης

304 3617 361 3698 τῆς
383 3613 466 3678 κατὰ
488 3614 546 3698 τὴν
568 3613 734 3678 Ἰουδαίαν
757 3611 955 3699 ἀπογραφῆς
981 3611 1047 3679 ὑπό
1076 3617 1132 3699 τῆς
1156 3611 1338 3696 συγκλήτου
1361 3614 1481 3698 βουλῆς
1508 3619 1662 3699 Κυρίνιος

304 3715 504 3801 ἐπιμελητὴς
527 3715 723 3801 ἐξεπέμφθη
746 3740 829 3780 κατα
850 3717 977 3783 τόδετὸ
994 3717 1152 3800 κοσμικόν
1168 3716 1238 3790 ἔτος
1259 3714 1381 3780 οὐσιῶν
1403 3718 1457 3780 καί
1482 3713 1663 3800 οἰκητόρων

304 3816 497 3904 ἀναγραφὰς
526 3817 744 3904 ποιούμενος,
779 3840 846 3883 cum
880 3822 986 3883 habeat
1018 3821 1127 3902 aliquid
1154 3821 1337 3884 auctoritatis
1366 3831 1466 3902 utpote
1497 3825 1662 3902 protectum

304 3924 340 3986 ab
362 3924 478 4004 egregio
499 3924 722 4004 chronographo
744 3924 817 3986 lulio
833 3924 977 3997 Africano,
1001 3924 1162 3986 secundum
1187 3943 1220 3985 ea
1243 3943 1317 4003 quae
1339 3944 1427 4004 snpra
1451 3945 1478 4005 p.
1497 3927 1536 3985 14
1559 3925 1663 3987 obser-

304 4027 450 4100 vavimus,
483 4027 519 4088 ad
552 4027 678 4088 eundem
711 4030 772 4088 fere
806 4044 916 4088 aurnum
951 4027 1045 4100 ducit,
1080 4045 1185 4106 nempe
1215 4026 1361 4088 u.c.753
1385 4029 1429 4088 vel
1452 4029 1523 4089 754.
1568 4028 1662 4089 Lucas

302 4147 374 4190 num
399 4129 438 4191 ita
461 4138 490 4190 et
512 4129 574 4208 ipse
596 4129 774 4209 computarit
794 4139 825 4190 et
846 4130 902 4189 hoc
923 4128 1043 4207 quidem
1066 4129 1129 4190 loco
1152 4129 1187 4189 de
1209 4128 1344 4198 Quirinio
1367 4131 1510 4209 cogitarit,
1533 4131 1661 4192 dubitari

303 4240 409 4312 potest,
432 4249 500 4292 nam
524 4232 560 4293 de
582 4240 675 4292 aetate
698 4250 756 4292 non
780 4239 913 4292 accurate
936 4249 967 4291 se
990 4230 1103 4292 tradere
1130 4231 1193 4311 ipse
1220 4231 1330 4294 indicat
1352 4227 1443 4311 (ῶσεὶ
1467 4231 1548 4295 ἑτῶν
1570 4230 1680 4314 τρισί--

303 4339 425 4410 κοντα),
450 4352 544 4414 neque
566 4353 635 4395 eum
651 4334 705 4396 sihi
720 4343 854 4396 constare
877 4333 907 4394 in
924 4342 1088 4413 temporum
1105 4334 1219 4394 ratione
1236 4336 1324 4396 modo
1341 4335 1482 4408 ridimns;
1505 4335 1661 4396 verisimile

303 4438 401 4498 tamen
432 4447 477 4498 est
506 4436 536 4498 id
564 4437 662 4516 ipsum
697 4455 764 4498 eum
800 4437 954 4498 enuntiare
987 4435 1123 4510 voluisse,
1155 4437 1235 4516 quod
1269 4439 1381 4518 antiqui
1414 4439 1590 4518 interpretes
1623 4457 1661 4498 ex

301 4539 469 4600 narratione
492 4538 555 4599 eius
577 4538 744 4600 effecerunt.
789 4539 831 4602 lta
854 4548 963 4613 autem,
995 4539 1019 4600 si
1048 4558 1135 4618 supra
1164 4549 1243 4600 recte
1271 4541 1537 4602 demonstravimus
1559 4540 1661 4614 Quiri-

302 4641 384 4702 nium
408 4659 460 4720 per
482 4661 508 4701 a.
525 4641 596 4700 751.
614 4640 676 4702 752
699 4641 828 4721 primum
852 4641 1013 4722 praefuisse
1036 4641 1146 4722 Syriae,
1170 4642 1273 4718 huces,
1296 4664 1364 4706 cum
1381 4644 1532 4706 Christum
1556 4653 1658 4705 natum

302 4743 405 4804 statuit
425 4761 451 4804 c.
466 4763 492 4804 a.
509 4743 571 4804 752
593 4743 728 4814 Quirinio
752 4743 864 4823 Syriam
888 4743 1123 4817 administrante,
1154 4763 1213 4806 nou
1235 4746 1336 4826 posuit
1358 4745 1415 4807 nisi
1437 4745 1597 4826 probabilia
1619 4754 1658 4820 et,
