3730 5434
322 372 365 437 32
931 371 954 438 Ι,
973 373 1007 427 45
1026 373 1060 426 46

321 550 460 632 Princeps
486 558 605 612 senatus
635 552 728 612 lactus
756 559 802 612 ost
822 552 972 631 Augustus
994 551 1024 613 in
1047 570 1136 614 censu
1158 571 1183 614 a.
1207 551 1268 614 726
1290 551 1356 631 (llio
1378 550 1428 626 53,
1453 552 1501 631 1);
1530 552 1608 614 unde
1629 553 1664 614 ad

321 664 461 718 aestatem
489 673 513 716 a.
538 654 614 727 767,
644 673 701 734 qua
730 654 800 716 haec
821 654 971 734 Augustus
1002 655 1135 735 scripsit,
1165 657 1233 718 anni
1261 665 1454 718 numerantur
1474 655 1664 736 quadraginta

320 758 428 839 integri
451 757 626 832 727-766,
648 777 708 820 non
730 758 905 840 computatis
927 759 1022 840 primo
1044 769 1074 821 et
1095 769 1234 822 exuenm.

343 1062 408 1104 car.
428 1044 455 1115 1,
471 1060 496 1104 rs
513 1060 538 1102 ιε
568 989 718 1120 [Ροίιίιίίυ
743 1059 845 1121 augur,
869 1043 1137 1122 pur'ndecimoa'rulm
1160 1042 1424 1136 sacrislsocr'undis,
1442 1038 1448 1124 1
1466 1045 1665 1122 septemoirnm

569 1146 730 1225 ομυίουυιο,
751 1146 846 1224 [rotor
868 1147 985 1218 οτυοίίε,
1006 1147 1108 1208 sodalis
1132 1145 1227 1218 Totus,
1246 1144 1362 1225 sctr'olals
1384 1146 1435 1206 lul.

386 1251 431 1312 ori.
446 1250 476 1324 4,
493 1268 532 1310 aa
559 1244 747 1329 Ἀρχιερεός,
763 1250 781 1322 §
796 1244 929 1332 αὔγουρ,
946 1252 964 1324 §
979 1250 1042 1312 τῶν
1057 1247 1234 1312 δεκαπέντε
1248 1241 1384 1329 όνξόροίν
1397 1247 1462 1310 τῶν
1474 1243 1664 1332 ίεροττοιῶν,

520 1373 533 1413 a
563 1353 581 1424 A
604 1349 667 1411 τῶν
689 1344 774 1410 ἑπτὰ
788 1344 915 1432 ἀνδρῶν
930 1346 1126 1433 ἱεροποιίῶν,
1148 1345 1343 1434 ξολόεΙλφός
1358 1345 1525 1432 ἅρουᾶλις,
1541 1354 1559 1426 A
1575 1347 1664 1413 ἑταί-

564 1474 618 1535 ρος
644 1454 768 1527 Τίτιος,
792 1456 809 1528 ξ
832 1453 1020 1539 φητιᾶλις.)

322 1586 365 1648 Ex
387 1585 504 1648 Graecis
527 1583 648 1645 uerbum
672 1582 886 1646 substantivum
909 1585 1025 1648 videtur
1046 1587 1195 1649 excidisse.

421 1688 504 1762 Quod
528 1686 630 1749 deinde
652 1686 761 1748 mansit
780 1687 810 1748 in
832 1707 863 1749 re
885 1687 1000 1768 publica
1013 1687 1153 1763 Romana,
1176 1697 1209 1750 ut
1223 1687 1357 1769 princeps
1372 1688 1584 1751 adscriberetur
1604 1689 1665 1751 col-

321 1791 403 1873 legiis
437 1791 620 1854 sacerdotum
655 1789 806 1864 omnibus,
840 1811 914 1871 quae
946 1791 1062 1872 quidem
1094 1811 1154 1854 non
1186 1791 1261 1853 infra
1292 1791 1355 1854 eius
1387 1792 1533 1872 fastigium
1567 1802 1665 1855 essent

323 1894 507 1976 (Stactsrecht
527 1894 562 1968 2,
592 1894 672 1955 1047
685 1893 768 1974 sep),
801 1893 830 1956 id
858 1895 894 1957 ab
922 1896 1054 1976 Augusto
1076 1895 1179 1976 coepit.
1223 1895 1345 1969 Quando
1366 1896 1392 1958 is
1414 1879 1526 1976 singula
1547 1895 1664 1978 ceperit,

322 1999 471 2063 rideamus
500 1998 662 2060 secundum
691 1997 823 2058 ordinem
851 1998 1067 2072 commentarii,
1101 1999 1151 2078 qui
1173 2017 1231 2060 non
1254 2000 1394 2081 temporis
1415 2009 1469 2075 est,
1496 1999 1547 2062 sed
1569 1997 1665 2079 digni·

213 2083 215 2092 ¹
324 2103 392 2166 tatis
414 2104 463 2182 (ol.
486 2101 654 2182 hlarquardt
675 2099 945 2183 Stcetsvcraooltung
967 2101 985 2163 3
1008 2123 1037 2183 p.
1053 2102 1137 2182 214).

422 2204 555 2267 Pontifex
584 2224 600 2266 a
622 2203 743 2266 Caesare
771 2204 912 2267 dictatore
939 2213 1053 2267 creatus
1080 2213 1125 2267 est
1147 2205 1284 2267 Octavius
1312 2225 1336 2267 a.
1361 2206 1421 2268 706
1449 2215 1516 2287 post
1537 2225 1663 2287 pugnam

321 2310 515 2373 Pharsalicam
546 2307 691 2384 (Nicotaus
717 2307 913 2371 Damascenus
942 2310 1014 2384 §42
1048 2303 1208 2392 ἐνεγράφη
1240 2308 1287 2384 εἰς
1319 2309 1377 2392 τὴν
1408 2305 1584 2392 ἱερωσύνην
1616 2307 1663 2381 ελς

321 2413 378 2478 τόν
408 2414 554 2476 Λευκίου
581 2413 744 2493 Δομιτίου
775 2409 882 2475 τόπον
912 2407 1172 2494 τετελευτηκότος
1204 2413 1259 2474 καί
1292 2408 1309 2475 ό
1337 2410 1440 2497 δῆμος
1466 2409 1555 2494 μάλα
1581 2433 1665 2496 προ-

322 2513 440 2599 όόμως
467 2510 701 2597 ἐχειροτόνησε.
748 2511 803 2578 καὶ
832 2510 849 2579 ό
872 2513 931 2598 μὲν
952 2508 1022 2597 ἅμα
1042 2515 1081 2603 τῇ
1102 2513 1287 2602 μεταλλαμῇ
1308 2517 1364 2600 τῆς
1386 2513 1527 2598 ἐσθῆτος
1549 2515 1603 2578 καί
1624 2515 1665 2604 τῇ

322 2617 478 2704 καλλίστη
500 2618 579 2707 τιμῇ
601 2618 781 2700 κοσμηθεὶς
803 2615 892 2682 ἔθυε.
929 2618 1029 2681 Cicero
1044 2618 1117 2680 Phil.
1134 2621 1162 2692 5,
1180 2620 1228 2692 17,
1244 2618 1294 2681 46.
1324 2617 1448 2682 Velleius
1463 2622 1491 2694 2,
1508 2621 1558 2683 59.
1588 2619 1664 2682 Dru·

322 2743 412 2787 mann
435 2726 464 2798 4,
488 2722 549 2784 250
572 2741 601 2783 ιι.
619 2723 681 2799 74),
704 2723 781 2784 unde
804 2724 834 2786 in
856 2723 987 2785 nummis
1003 2721 1115 2784 Octavii
1135 2741 1210 2802 quos
1232 2721 1342 2802 primos
1364 2722 1444 2786 cudit
1465 2743 1550 2804 saepe
1565 2724 1664 2804 ponti-

323 2830 426 2892 ficatus
449 2825 607 2888 invenitur.
1579 2831 1584 2838 ·

421 2932 522 3010 Augur
543 2929 659 3009 quando
681 2932 775 2992 lactus
797 2928 844 3004 sit,
867 2930 1074 3010 quaesiverunt
1087 2929 1275 2991 Drumannus
1297 2929 1340 3010 (4,
1356 2929 1431 3009 250)
1446 2939 1476 2992 et
1490 2929 1665 3010 Borghesius

323 3037 397 3115 (dec.
413 3053 495 3098 num.
512 3036 540 3108 7,
565 3035 583 3093 7
606 3052 673 3114 opp.
691 3033 718 3106 1,
742 3031 832 3111 353);
853 3033 967 3095 videtur
988 3044 1085 3096 autem
1109 3033 1137 3094 id
1161 3032 1353 3096 sacerdotium
1376 3034 1487 3114 cepisse
1502 3053 1527 3096 a.
1544 3033 1604 3096 713
1620 3035 1665 3096 vel

323 3140 393 3201 714.
437 3137 582 3199 Nimirum
610 3154 677 3197 cum
705 3135 767 3197 cusi
793 3145 864 3197 suut
890 3137 1005 3198 nurami
1031 3137 1086 3199 suh
1112 3137 1232 3199 nomine
1260 3135 1322 3199 eius
1345 3145 1374 3198 et
1395 3137 1432 3197 Μ.
1448 3136 1565 3198 Antonii
1588 3139 1665 3200 hunc

321 3259 476 3321 augurem,
504 3238 602 3321 ipsum
625 3237 792 3318 pontificem
813 3240 998 3321 appellantes,
1021 3240 1069 3302 alii
1090 3241 1177 3302 tertio
1200 3240 1319 3302 nomine
1339 3239 1420 3302 nullo
1442 3240 1538 3302 addito
1554 3241 1665 3321 (Cohen

321 3347 389 3406 Ant.
411 3352 441 3406 et
464 3343 563 3405 Octar.
579 3343 627 3422 2),
650 3341 698 3404 alii
719 3341 831 3404 adiecto
854 3343 973 3405 nomine
995 3344 1033 3405 hl.
1049 3343 1175 3405 Barbatii
1198 3344 1228 3420 (l.
1244 3363 1268 3406 c.
1284 3363 1313 3405 n.
1331 3346 1359 3405 7.
1375 3343 1416 3418 Β),
1439 3343 1471 3404 L.
1488 3343 1570 3405 Gellii
1592 3345 1624 3423 (l.
1639 3365 1664 3406 c.

323 3449 398 3509 n.9.
417 3447 483 3525 10),
506 3446 543 3507 hl.
560 3446 668 3508 Nervae
691 3446 723 3526 (l.
739 3465 764 3508 c.
779 3465 809 3507 n.
825 3446 871 3523 6),
894 3457 1038 3526 auguratu
1060 3447 1166 3518 caruit3
1194 3466 1230 3510 ex
1251 3447 1297 3509 his
1319 3457 1416 3509 autem
1439 3457 1517 3509 certe
1539 3447 1666 3510 Barbatii

323 3563 353 3614 et
373 3550 484 3613 Nervae
514 3549 582 3611 lacti
609 3558 679 3612 sunt
704 3569 729 3612 a.
754 3549 824 3612 713.
873 3549 946 3612 Nam
972 3550 1051 3632 quod
1078 3569 1113 3612 er
1136 3551 1181 3612 his
1204 3550 1235 3612 L.
1252 3551 1361 3612 Gellius
1383 3550 1418 3612 ad
1440 3549 1557 3612 Antonii
1580 3560 1666 3632 caput

322 3654 481 3735 simpulum
504 3653 681 3734 pontificale,
704 3654 739 3715 ad
762 3663 849 3734 caput
871 3653 1000 3716 Caesaris
1022 3654 1126 3717 lituum
1143 3655 1315 3736 auguralem
1338 3653 1481 3735 adpingit‚
1513 3654 1581 3717 inde
1608 3673 1665 3718 non

321 3769 400 3821 recte
428 3757 598 3838 colligemus
623 3767 783 3837 utrumque
813 3758 871 3820 duo
895 3759 1052 3820 sacerdotia
1075 3758 1224 3831 habuisse,
1256 3758 1306 3819 sed
1328 3758 1372 3819 rel
1394 3777 1430 3820 ex
1448 3757 1543 3819 lubitu
1564 3777 1667 3820 mone·

322 3861 387 3926 tarii
415 3862 460 3923 vel
487 3879 640 3942 operarum
671 3860 782 3923 incuria
811 3861 893 3942 signa
920 3871 1085 3941 permutata
1112 3879 1184 3924 esse.
1229 3860 1300 3922 Item
1330 3861 1355 3922 si
1377 3879 1443 3922 vere
1466 3861 1497 3923 L.
1514 3862 1666 3925 Barbatius

321 3966 356 4028 ad
379 3958 509 4028 Caesaris
531 3976 619 4046 caput
639 3965 761 4033 lituum.
790 3965 904 4028 nullum
935 3965 1029 4026 simile
1056 3966 1172 4045 signum
1200 3965 1235 4026 ad
1258 3963 1376 4026 Antonii
1398 3967 1548 4046 apposuit,
1577 3965 1666 4026 nihilo

321 4069 419 4131 minus
453 4068 558 4131 lituum
591 4068 674 4130 illum
709 4067 800 4148 magis
833 4069 868 4130 ad
901 4068 1059 4132 Antonium
1094 4073 1253 4130 referemus
1286 4087 1372 4149 quam
1407 4088 1473 4132 curn
1509 4069 1666 4149 Borghesio

321 4172 396 4253 (dec.
418 4191 502 4234 num.
518 4173 547 4246 7,
571 4173 590 4232 7
613 4191 678 4253 opp.
698 4175 724 4245 1,
748 4171 822 4252 353)
850 4173 885 4234 ad
911 4183 1084 4253 auguratum
1109 4171 1223 4235 Caesari
1244 4172 1435 4242 attributnm3
1462 4170 1513 4232 sed
1536 4172 1598 4252 ipsa
1620 4188 1667 4232 res

321 4277 425 4338 nititur
454 4276 513 4337 sola
543 4274 640 4337 tabula
670 4275 836 4337 Morelliana
860 4276 982 4352 (Anton.
999 4276 1027 4350 2,
1050 4276 1096 4356 8),
1127 4294 1193 4338 cum
1222 4276 1398 4338 recentiores
1425 4293 1529 4336 omnes
1555 4272 1665 4346 tCohen

321 4379 469 4441 Barbati
494 4379 562 4458 cet.)
584 4397 652 4441 eum
675 4397 832 4440 nummum
856 4381 918 4441 sine
941 4379 1014 4441 lituo
1037 4389 1264 4459 repraesentent.
1301 4379 1344 4441 Ah
1366 4379 1454 4440 altera
1469 4385 1552 4458 parte
1567 4385 1667 4439 extum

321 4482 402 4544 aurei
424 4482 556 4562 inscripti
581 4480 611 4543 C.
635 4479 819 4545 Caesareos.
841 4494 1004 4563 pontcup.
1028 4481 1139 4556 (Cohen
1163 4481 1243 4544 Caes.
1266 4491 1296 4544 et
1317 4484 1390 4563 Aug.
1406 4481 1439 4560 2)
1462 4491 1491 4542 et
1514 4480 1544 4541 C.
1563 4479 1667 4542 Coeanr

319 4591 388 4666 imp.
404 4591 492 4648 r1rca'r
512 4604 538 4647 r.
551 4605 581 4666 p.
598 4606 619 4647 c.
637 4596 713 4666 pont.
730 4605 795 4665 nup.
819 4585 929 4659 (Cohen
951 4588 1018 4648 Ant.
1041 4595 1071 4648 et
1091 4587 1164 4666 Aug.
1180 4605 1209 4647 n.
1226 4584 1258 4665 3)
1286 4585 1350 4647 cusi
1373 4595 1438 4647 ante
1461 4604 1549 4665 quam
1573 4584 1666 4664 impe-

320 4690 424 4751 ratoris
447 4708 624 4770 praenomen
646 4688 751 4751 Caesar
773 4688 849 4751 lilius
871 4690 1000 4763 adscivit,
1025 4690 1053 4752 id
1075 4690 1153 4770 quod
1176 4689 1303 4770 sumpsit
1324 4707 1349 4750 a.
1367 4690 1428 4750 714
1447 4685 1666 4770 (81οοιετιολι2

319 4812 348 4875 p.
365 4793 449 4873 744).
486 4791 641 4875 Reperitur
663 4803 812 4874 praeterea
833 4793 924 4855 lituus
947 4793 983 4856 ad
997 4803 1084 4874 caput
1099 4794 1229 4858 Caesaris
1244 4793 1274 4855 in
1289 4811 1378 4855 aureo
1393 4791 1427 4866 Q.
1444 4792 1564 4855 Voconii
1580 4789 1667 4853 Vituli
