3656 5434
323 379 384 443 168
814 372 1182 439 hermancorum

319 553 494 633 legationem
520 552 680 633 Syriacam,
708 553 747 614 ita
770 553 799 613 in
823 571 890 615 eum
914 553 1079 626 convenire,
1107 561 1140 614 ut
1161 553 1312 615 attributio
1336 551 1587 615 Sanolementiana
1612 572 1670 613 nan

320 657 416 718 solum
439 655 597 736 probabilis
619 654 753 717 habenda
777 655 823 729 sit,
848 655 898 717 sed
922 655 1006 735 plane
1029 655 1159 735 probata.

419 757 459 819 lle
475 757 505 819 C.
523 757 625 819 Sentio
642 756 800 819 Saturnino
824 777 915 837 pauca
938 765 1052 819 tantum
1078 757 1218 828 dicemus,
1242 758 1292 819 sed
1308 777 1382 838 quae
1397 757 1554 820 sufficiant.
1592 759 1671 820 Gon-

319 871 377 925 stat
399 880 466 927 cum
490 879 607 941 qnoque
629 860 776 941 accepisse
799 869 970 922 ornamenta
998 859 1185 939 triumphalia
1209 858 1274 934 (Dio
1297 862 1347 935 55,
1364 860 1428 940 28),
1452 870 1486 922 31
1500 871 1673 941 acceperunt

318 985 351 1027 ea
378 965 541 1045 imperante
576 963 708 1042 Augusto
741 963 830 1025 duces
864 963 1011 1041 aliquanto
1043 963 1142 1042 plures
1171 981 1259 1042 quam
1293 963 1343 1043 qui
1379 965 1472 1025 iustos
1506 963 1671 1042 triumphos

321 1067 415 1148 egisse
446 1066 585 1128 dicuntur
611 1085 699 1145 super
728 1065 887 1145 triginta1).
931 1063 1052 1142 Reliqua
1075 1072 1173 1126 autem
1201 1065 1307 1128 indicia
1335 1066 1389 1127 tria
1413 1085 1472 1127 non
1495 1065 1673 1126 conveniunt

317 1171 347 1232 in
373 1169 576 1232 Saturninum.
621 1167 754 1229 Primum
779 1167 886 1248 duplici
910 1167 1010 1246 Syriae
1032 1167 1168 1246 legationi
1196 1187 1233 1230 ne
1255 1169 1352 1231 locum
1375 1168 1493 1248 qnidam
1517 1167 1671 1248 Zumptius

316 1271 447 1334 invenire
469 1270 566 1350 potuit
588 1270 645 1330 nisi
667 1269 716 1342 ita,
740 1278 774 1332 ut
789 1269 888 1349 Syriae
911 1269 1040 1348 primum
1063 1271 1221 1349 praetuerit
1236 1289 1288 1350 per
1303 1289 1396 1332 annos
1413 1271 1590 1344 rus—731,
1613 1292 1672 1350 quo

318 1384 450 1455 tempore
479 1373 656 1435 Saturninus
678 1372 842 1452 praetorius
864 1373 920 1433 luit
943 1390 996 1432 nea
1023 1391 1111 1451 capax
1133 1372 1298 1452 provinciae
1328 1374 1461 1435 omnium
1490 1375 1672 1435 confessione

317 1477 486 1540 consularis.
502 1510 543 1520 -
559 1475 668 1537 Deinde
691 1474 824 1554 quamvis
845 1474 1005 1554 ignoretur,
1029 1493 1090 1552 quo.
1103 1493 1179 1536 anuo
1196 1475 1372 1537 Saturninus
1388 1475 1466 1536 diem
1482 1475 1595 1548 obierit,
1618 1495 1672 1537 nea

318 1589 499 1641 memoratur
514 1587 582 1659 post
596 1597 621 1639 a.
639 1576 799 1656 75901311.
816 1576 845 1650 2,
863 1578 933 1638 109.
951 1579 1023 1656 110)
1044 1585 1073 1638 31
1091 1585 1159 1638 ante
1173 1577 1338 1656 Augustum
1356 1596 1423 1638 eum
1442 1586 1592 1639 mortuum
1608 1597 1672 1638 esse

317 1691 432 1742 constat
454 1700 488 1741 ex
512 1680 628 1742 silentio
649 1679 749 1754 Taciti,
772 1681 856 1741 auius
878 1681 996 1741 annales
1018 1679 1054 1740 ab
1077 1698 1197 1740 excessu
1220 1679 1277 1739 divi
1292 1679 1417 1757 Augusti
1431 1681 1466 1742 ad
1482 1700 1507 1740 a.
1524 1699 1552 1740 u.
1569 1698 1594 1740 c.
1611 1679 1671 1742 782

316 1783 422 1863 integri
445 1793 606 1863 supersunt
625 1801 678 1843 nec
693 1783 855 1845 secundum
872 1782 1040 1844 institutum
1057 1782 1184 1845 auctoris
1199 1782 1235 1842 de
1250 1781 1319 1843 clari
1334 1780 1389 1842 riri
1404 1782 1487 1843 obitu
1503 1783 1670 1856 tacuissent,

318 1887 343 1948 si
365 1888 394 1948 in
418 1886 482 1947 illos
505 1903 598 1946 annos
621 1884 781 1947 incidisset.
805 1921 844 1928 -
868 1884 1113 1950 Proconsulatnm
1137 1884 1263 1963 denique
1285 1884 1368 1945 Asiae
1396 1885 1531 1956 excludit,
1555 1885 1590 1945 de
1613 1907 1670 1965 quo

317 1989 428 2069 optime
444 1987 559 2048 monuit
571 1987 748 2066 Rarghesins
764 1989 844 2066 (opp.
858 1987 876 2048 8
893 2007 920 2066 p.
935 1987 1010 2059 495,
1034 1985 1150 2047 Henzen
1166 1985 1228 2066 syll.
1240 2006 1268 2066 p.
1284 1987 1367 2066 486),
1390 1987 1414 2048 T
1416 1987 1597 2062 ertullianuS,
1621 1991 1670 2069 qui

317 2090 367 2151 ubi
387 2088 569 2167 Carthaginis
592 2087 721 2150 coloniae
743 2088 820 2150 vices
843 2088 970 2150 breviter
992 2089 1215 2166 comprehendit
1238 2089 1285 2164 (de
1307 2087 1394 2169 pallio
1417 2107 1443 2150 a.
1463 2092 1491 2164 1)
1508 2089 1550 2152 313
1571 2092 1672 2154 scribit

314 2205 382 2272 post
406 2194 503 2272 larapas
528 2191 660 2254 Caesaris
688 2210 782 2253 maros
808 2196 922 2254 momia
945 2191 1114 2269 Carthopini
1133 2189 1279 2252 Statiliam
1303 2191 1430 2253 Taunum
1454 2193 1671 2272 (proconsulem

316 2296 429 2357 Africae
453 2294 635 2373 718420)
656 2293 829 2374 imposuisse,
852 2295 1002 2357 sollemnia
1023 2299 1201 2356 enarraoisse
1223 2293 1352 2356 Sentium
1374 2293 1573 2356 Saturninum.
1611 2296 1671 2357 lam

317 2417 384 2460 cum
407 2400 437 2459 in
461 2397 543 2459 133113
572 2397 675 2459 aetatis
697 2396 845 2477 Augustae
869 2407 928 2458 tres
950 2396 1137 2457 inveniantur
1160 2397 1253 2458 Sentii
1276 2397 1444 2470 Saturnini,
1468 2397 1579 2459 scilicet
1600 2417 1672 2460 can-

317 2501 363 2562 331
385 2519 410 2560 3.
428 2499 488 2561 735
511 2499 536 2561 13
565 2501 615 2579 qni
642 2509 743 2579 postea
768 2501 865 2580 Syriae
896 2499 1022 2580 praeluit
1044 2498 1154 2577 filiique
1176 2499 1239 2560 eius
1262 2499 1320 2560 duo
1342 2499 1479 2560 consules
1501 2508 1622 2579 uterque
1645 2521 1671 2561 a.

317 2603 395 2676 757,
419 2603 539 2664 omnino
562 2611 645 2681 pater
673 2603 730 2663 hoc
752 2603 816 2662 loco
838 2601 1051 2680 intellegendus
1074 2611 1128 2675 est,
1152 2621 1189 2662 ne
1212 2601 1314 2680 longae
1337 2619 1436 2663 morae
1458 2601 1567 2662 nimiae
1590 2603 1670 2664 hant.

315 2706 416 2784 ltaque
443 2705 469 2765 is
498 2705 583 2766 cuius
610 2714 656 2766 est
683 2704 808 2784 elogium
839 2704 1046 2776 Tiburtinum,
1074 2705 1208 2784 quisquis
1235 2705 1304 2774 1311,
1332 2723 1391 2766 333
1419 2703 1476 2766 1311
1498 2703 1529 2765 C.
1553 2705 1672 2768 Sentius

317 2806 504 2869 Saturninus.

441 2908 595 2970 Videamus
618 2909 653 2969 de
676 2908 708 2969 P.
726 2908 856 2989 Sulpicio
878 2907 1024 2981 Quirinio.

415 3011 437 3073 1.
471 3010 589 3071 Tacitus
617 3011 653 3072 ad
675 3029 700 3072 a.
718 3030 746 3071 u.
763 3031 787 3072 c.
804 3013 866 3072 774
890 3011 939 3072 ubi
968 3011 1004 3072 de
1031 3010 1113 3072 obitu
1135 3010 1261 3084 Quirinii
1287 3013 1376 3072 refert
1398 3011 1441 3072 sia
1463 3012 1566 3074 scribit
1588 3013 1670 3090 (ann.

316 3114 345 3186 3,
361 3113 429 3194 48);
452 3113 523 3174 trahil
545 3112 582 3174 ad
604 3124 725 3174 veterem
748 3124 772 3174 et
791 3117 943 3192 patriciam
965 3112 1157 3193 Sulpiciorum
1179 3113 1323 3192 familiam
1348 3113 1503 3185 Quirinius
1523 3120 1668 3194 pertinuit,

317 3225 396 3276 artas
423 3216 501 3294 apud
528 3218 714 3294 municipium
740 3213 915 3289 lanuvium,
944 3217 993 3276 sed
1020 3221 1140 3295 impiger
1169 3217 1287 3277 militiae
1314 3226 1340 3276 et
1368 3217 1482 3278 amabas
1509 3221 1671 3280 ministeriis

317 3317 495 3378 consulatum
516 3318 567 3378 sub
599 3319 661 3379 diva
685 3319 808 3397 Augusta
833 3319 874 3392 (u.
890 3337 914 3378 c.
932 3318 1023 3396 742),
1050 3335 1119 3379 mam
1147 3320 1317 3396 expugnatis
1335 3336 1390 3396 per
1413 3317 1542 3380 Ciliciam
1565 3319 1672 3382 113333-

316 3418 483 3480 nadcasium
508 3419 629 3480 castellis
651 3424 773 3500 insignia
794 3419 933 3500 triumphi
952 3422 1078 3499 adeptus,
1102 3421 1238 3498 danisque
1259 3429 1354 3480 rector
1378 3418 1408 3480 G.
1435 3420 1552 3483 Caesari
1566 3423 1668 3484 Arme-

316 3525 395 3582 niam
416 3521 607 3600 obtinebam.
624 3540 648 3581 c.
666 3521 750 3600 756).
788 3522 890 3583 Strabo
909 3521 956 3595 12,
973 3523 1002 3593 6,
1019 3523 1037 3582 5
1053 3542 1081 3602 p.
1098 3521 1174 3583 569:
1198 3517 1215 3583 ὁ
1234 3516 1394 3602 Ἀμύντας
1416 3522 1462 3594 εἰς
1483 3521 1560 3596 τούς
1573 3519 1670 3604 ‘Opa

315 3620 436 3694 ναδέας
457 3620 652 3703 παρελθών,
677 3627 712 3687 oi
731 3619 921 3705 ἐνομίζοντο
944 3619 1181 3705 ἀ1ηπτότατοι,
1212 3622 1268 3683 καὶ
1291 3621 1453 3697 καταστὰς
1475 3621 1537 3707 ἤδη
1561 3622 1670 3707 κύριος

316 3723 381 3786 τῶν
402 3721 568 3786 πλείστων
589 3727 732 3806 χωρίων,
757 3720 881 3788 ἀνελών
901 3724 956 3786 καὶ
972 3724 1030 3788 τὸν
1045 3722 1203 3806 τύραννον
1217 3721 1327 3787 αὐτῶν
1342 3723 1378 3798 ἐξ
1393 3722 1522 3810 damaris
1537 3721 1670 3812 ἐλήφθη

317 3824 376 3888 διὰ
396 3827 452 3908 τῆς
473 3825 531 3889 τοῦ
553 3823 712 3908 τυράννου
735 3825 904 3904 γυναικός·
927 3827 982 3889 καὶ
1006 3827 1122 3890 τοῦτον
1136 3825 1197 3908 μὲν
1212 3825 1335 3890 ἐκεῖνοι
1350 3826 1566 3914 διέφθειραν,
1590 3829 1670 3892 ἐκεί-

316 3949 393 4001 νους
415 3926 451 3990 δὲ
466 3931 626 4010 Κυρίνιος
649 3921 855 4010 ἐξεπόρθησε
877 3928 967 4012 λιμῷ.
986 3930 1041 3991 καὶ
1064 3929 1346 4011 τετρακισχιλίους
1367 3928 1489 4013 ἄνδρας
1512 3930 1672 4015 ἐζώγρησε

317 4029 372 4092 καὶ
405 4026 585 4113 συνῴκισεν
614 4031 662 4104 31ς
694 4035 751 4104 τὰς
779 4029 873 4108 ἐγγὺς
904 4025 1039 4106 πόλεις,
1068 4032 1126 4114 τὴν
1156 4031 1192 4094 δὲ
1221 4030 1330 4113 χώραν
1360 4028 1526 4097 ἀπέλιπεν
1554 4032 1672 4116 ἔρημον

316 4133 381 4195 τῶν
403 4130 439 4194 ἐν
461 4128 556 4221 ἀκμῇ.
601 4136 742 4215 Amyntas
764 4154 821 4196 rex.
839 4154 940 4197 caesus
963 4145 1009 4198 est
1029 4156 1056 4198 a.
1074 4155 1101 4197 u.
1118 4156 1142 4198 c.
1160 4136 1231 4198 729.
1261 4136 1305 4197 Ad
1326 4137 1380 4198 bas
1395 4137 1576 4200 narrationes
1593 4147 1670 4200 recte

316 4236 465 4316 aptabitur
486 4237 663 4317 principium
688 4237 765 4300 tituli
786 4237 935 4299 Tiburtini
957 4237 999 4299 sic
1022 4242 1082 4300 iere
1103 4238 1297 4318 explendum:

416 4480 438 4546 ¹)
457 4479 609 4546 Quamquam
628 4497 756 4532 numerum
775 4481 856 4545 bana,
874 4497 945 4547 quem
963 4483 1049 4548 posuit
1067 4483 1204 4533 Suetonius
1224 4481 1288 4546 Aug.
1302 4481 1350 4546 38,
1369 4480 1471 4532 31331333
1491 4495 1549 4532 3333
1569 4483 1673 4534 tabulae

316 4567 391 4616 buius
414 4569 537 4632 temporis
561 4569 726 4634 triumphales
750 4570 887 4618 ostendant
909 4568 959 4619 1333
985 4569 1113 4634 expletae:
1139 4583 1194 4619 num
1218 4569 1249 4620 ab
1272 4585 1295 4620 a.
1309 4568 1355 4621 711
1378 4575 1407 4619 31
1428 4569 1569 4634 triumphas
1588 4583 1674 4620 33333

318 4667 434 4702 numeres
459 4661 561 4719 praeter
584 4654 665 4719 ipsius
689 4653 800 4717 Augusti
824 4654 958 4704 ovationes
982 4653 1043 4705 1333
1067 4654 1258 4721 triumphosque
1279 4663 1333 4706 tres
1351 4660 1379 4704 31
1396 4653 1503 4704 Antonii
1522 4654 1675 4718 ovationem,

321 4753 368 4787 333
388 4740 551 4805 reperiuntur
570 4741 620 4790 3131
638 4740 686 4790 duo
706 4747 732 4790 31
752 4740 853 4804 viginti.
1091 4729 1095 4740 ⁵
