3730 5434
815 401 838 466 1,
857 401 891 456 35
910 401 944 456 36
1509 399 1550 462 27

212 589 254 653 et,
284 579 310 642 si
338 580 458 643 omnino
485 580 584 662 perfici
609 589 736 661 poterat,
767 599 814 642 res
841 581 926 662 plane
954 580 1058 642 divina.
1102 577 1208 660 Mopno
1235 577 1378 660 quondam
1398 577 1552 650 sterilitate,

213 684 371 746 Suetonius
400 685 441 747 ait
467 703 491 745 c.
507 682 547 744 42
575 683 732 764 respiciens
760 691 794 744 nt
823 684 937 745 videtur
964 683 1056 764 ipsius
1078 681 1147 743 anni
1167 681 1245 742 illius
1268 681 1329 744 759
1352 680 1553 760 gravissimam

211 806 367 861 annonam,
390 807 423 849 oc
446 787 559 868 difficili
577 788 707 860 remedio,
730 807 794 849 cum
815 788 968 850 uenalicias
988 799 1014 849 et
1036 789 1207 849 lanistarum
1224 785 1355 865 familias
1369 783 1419 864 (ol.
1434 783 1487 845 Dio
1504 785 1552 857 55,

211 889 266 970 26)
291 895 507 970 peregrinosque
528 907 623 951 omnes
644 896 763 970 acceptis
785 890 897 953 medicis
919 901 946 953 et
957 889 1185 970 praeceptoribus
1196 891 1355 969 partimque
1377 889 1554 948 seruitiorum

212 995 261 1073 (ei.
285 991 337 1054 Dio
359 993 378 1054 l.
394 993 433 1072 o.)
462 994 531 1054 urbe
558 993 717 1075 expulisset,
739 1003 771 1055 ut
791 995 904 1056 tandem
927 1012 1044 1056 annona
1064 991 1220 1062 conualuit,
1244 995 1378 1073 impetum
1399 1011 1428 1053 se
1455 993 1554 1070 cepisse

211 1097 307 1159 scribit
330 1099 568 1177 smmenton'ones
591 1097 722 1176 publicas
749 1096 797 1172 tiis
824 1097 878 1159 hoc
908 1107 986 1159 certe
1013 1097 1076 1158 loco
1104 1104 1261 1176 utrumque
1291 1113 1382 1175 genus
1405 1103 1463 1156 tam
1487 1111 1553 1173 gra-

213 1200 302 1262 tuitae
324 1219 411 1281 quam
434 1197 540 1261 levio're
562 1199 656 1281 pretio
678 1201 832 1262 admensus
855 1201 970 1262 videtur
992 1199 1159 1280 significari)
1181 1203 1397 1278 inperpetuum
1416 1195 1553 1267 abolendi,

212 1305 285 1385 puod
315 1323 414 1366 eamsm
446 1301 551 1384 fiducia
576 1303 691 1365 cultura
718 1323 853 1384 aprorron
880 1317 1120 1383 consuranorum
1146 1313 1240 1365 tamen
1268 1319 1466 1382 perseverasse,
1489 1305 1555 1382 puta

212 1417 320 1469 certum
340 1407 455 1470 baberet
472 1417 536 1486 post
555 1425 583 1468 se
601 1425 655 1486 per
670 1408 849 1470 ambitionem
870 1409 1036 1490 quandoque
1057 1409 1183 1468 restitui:
1206 1417 1287 1488 atpue
1302 1409 1343 1467 ita
1360 1405 1474 1485 postboc
1494 1421 1555 1467 rem

212 1515 391 1590 temperavit,
420 1521 452 1572 ut
480 1528 537 1570 non
563 1515 701 1573 minorem
728 1523 879 1574 oratorum
904 1529 936 1572 oc
963 1514 1165 1592 nepotiantium
1192 1527 1277 1588 puom
1295 1510 1397 1591 populi
1415 1511 1555 1572 rationem

213 1615 367 1676 deduceret.
412 1613 472 1675 lloc
498 1613 619 1675 dubium
649 1633 708 1675 non
731 1625 776 1676 est
797 1616 959 1695 Augustum
984 1613 1033 1675 ubi
1056 1632 1143 1675 curae
1164 1631 1296 1673 annonae
1318 1611 1348 1672 in
1370 1611 1465 1673 indice
1491 1629 1555 1672 me-

214 1717 312 1790 minit,
340 1716 434 1778 multo
463 1717 556 1797 magis
578 1736 665 1798 quam
688 1719 724 1780 de
745 1717 1022 1781 frumentationibus
1044 1715 1169 1799 publicis
1192 1715 1227 1776 de
1249 1715 1303 1777 hac
1324 1715 1464 1778 frumenti
1485 1733 1555 1796 pro-

213 1819 324 1882 visione
346 1820 445 1883 urbica
468 1820 647 1901 cogitavisse.

233 2121 298 2164 aar.
316 2103 342 2174 1,
359 2121 385 2166 ss
401 2120 427 2164 ss
454 2101 652 2178 Con[snlatum
673 2112 734 2164 tum
756 2102 865 2180 datium
888 2120 1018 2164 annuum
1041 2103 1079 2180 e[t
1098 2107 1265 2185 perpetuum
1284 2120 1343 2165 non
1361 2097 1366 2184 i
1386 2102 1496 2183 aremii

254 2224 299 2268 sn.
316 2203 345 2279 3,
362 2225 415 2268 sto
456 2196 633 2268 Ὑπατείαν
653 2205 689 2266 τέ
709 2225 767 2286 pot
789 2202 862 2268 τότε
876 2203 1074 2290 daldlops'upu
1087 2206 1143 2268 uui
1163 2201 1373 2286 {dispalatos
1392 2206 1456 2284 no[l
1471 2201 1556 2284 ὅΜὰ]

454 2308 531 2386 βίον
553 2302 612 2370 obn
634 2304 802 2391 ἐδεξάμην.

214 2435 345 2518 Spatium
369 2437 447 2517 quod
469 2445 549 2498 vacat
572 2436 649 2498 inter
670 2456 745 2499 con
767 2447 797 2498 et
818 2457 869 2499 vm
891 2437 1055 2501 litterarum
1077 2457 1102 2501 c.
1118 2459 1169 2502 rm
1193 2439 1364 2502 vocabulum
1386 2439 1469 2513 mibi,
1497 2456 1556 2518 quo

213 2539 293 2603 ducit
313 2539 523 2620 interpretatio,
547 2549 580 2602 nt
603 2540 752 2602 baberetur
773 2540 878 2620 coegit.

312 2641 365 2704 Dio
386 2643 404 2704 l.
420 2661 445 2705 c.
468 2660 534 2704 cnm
558 2653 657 2706 narret
678 2646 783 2704 tamem
806 2642 883 2704 illam
903 2662 929 2705 a.
946 2643 1016 2718 733,
1031 2653 1252 2726 propterquam
1269 2645 1399 2726 Augusto
1414 2644 1556 2706 dictatura

213 2755 242 2809 et
268 2765 337 2809 curo
366 2763 496 2809 annonae
523 2746 635 2808 oblatae
657 2755 742 2819 sunt,
771 2746 856 2826 vulgo
877 2746 969 2808 risam
992 2766 1057 2810 esse
1078 2749 1145 2810 inde
1167 2749 1323 2822 accidisse,
1352 2741 1401 2810 ὅτι
1425 2745 1467 2829 pip
1501 2743 1555 2810 nui

212 2845 285 2912 abac
311 2840 518 2912 immaniorem
542 2847 600 2912 abu
625 2843 820 2928 Αὔγουστον
847 2849 943 2928 ἔσχον
965 2851 1163 2930 (continuerat
1184 2851 1294 2914 scilicet
1315 2850 1484 2913 consulatus
1505 2868 1557 2930 per

213 2971 306 3016 annos
329 2951 517 3026 723-731),
539 2953 696 3015 verisimile
717 2962 770 3026 est,
793 2953 871 3034 quad
894 2953 949 3015 hoc
970 2954 1033 3016 loco
1054 2956 1203 3035 Angustus
1225 2955 1339 3029 scribit,
1362 2971 1461 3016 rerum
1484 2952 1557 3016 scri-

213 3066 312 3138 ptores
333 3056 492 3138 expressim
516 3075 575 3118 non
598 3057 715 3130 habent,
738 3056 922 3119 consulatum
943 3075 1073 3119 annuum
1089 3068 1321 3139 perpetuumque
1336 3057 1362 3119 ei
1377 3056 1505 3120 oblatum
1521 3055 1557 3118 ad

213 3158 291 3239 ipsas
316 3157 380 3220 illas
408 3157 509 3220 turbas
535 3157 604 3219 anni
627 3157 688 3220 732
711 3161 872 3241 pertinere,
901 3177 968 3222 cum
995 3162 1165 3241 praesertim
1189 3161 1244 3223 tria
1266 3161 1337 3223 haec
1364 3159 1456 3242 capita
1486 3177 1557 3221 con-

213 3261 310 3323 iuncta
332 3260 363 3322 in
384 3260 480 3323 indiae
500 3261 642 3342 legantur.
681 3262 803 3326 Oblatas
826 3271 871 3325 est
892 3274 989 3326 autem
1012 3265 1143 3346 Augusto
1166 3265 1335 3326 consulatus
1356 3281 1423 3326 cum
1439 3281 1557 3324 annuus

214 3373 276 3426 tum
299 3373 458 3444 perpetuus
481 3364 601 3427 omnino
623 3365 724 3427 eadem
747 3365 868 3438 ratione,
891 3385 948 3446 qua
971 3366 1126 3429 tribunicia
1148 3375 1277 3448 potestas
1300 3366 1326 3428 ei
1348 3365 1491 3448 permissa
1512 3373 1559 3427 est

213 3487 238 3530 a.
262 3467 323 3530 718
345 3477 493 3548 perpetua,
516 3467 705 3530 uiuentem
722 3467 781 3530 731
798 3467 886 3530 etiam
902 3487 1008 3543 annua,
1031 3487 1136 3552 nempe
1152 3479 1185 3532 ut
1199 3471 1268 3532 anni
1283 3469 1346 3532 eius
1367 3487 1558 3531 numeraren-

214 3579 263 3633 tur
283 3570 470 3656 (Stoatsrecbt
491 3570 511 3631 2
532 3589 561 3651 p.
578 3570 639 3632 772
661 3574 698 3632 ol.
720 3591 749 3653 p.
773 3570 857 3650 836).
886 3607 926 3616 -
953 3571 1106 3634 Diversum
1136 3584 1181 3635 est
1209 3573 1288 3654 quod
1317 3571 1358 3634 ait
1379 3570 1503 3633 Velleius
1527 3569 1557 3642 2,

214 3674 254 3738 89
276 3675 332 3737 hoc
353 3683 466 3736 tanturn
490 3674 525 3736 ab
540 3674 671 3754 Augusto
693 3674 843 3755 impetrari
864 3675 1003 3756 potuisse,
1027 3684 1060 3737 ut
1081 3677 1250 3738 consulatus
1273 3693 1366 3755 nsque
1385 3675 1421 3736 ad
1437 3673 1558 3735 undeci-

214 3796 294 3840 mum
318 3777 510 3851 continuaret,
533 3787 563 3841 et
583 3778 698 3859 plenius
718 3777 771 3839 Dio
793 3779 946 3857 exequitur
968 3777 1098 3841 scribens
1114 3781 1177 3858 (54,
1201 3779 1230 3841 6.
1255 3779 1307 3858 10)
1329 3778 1359 3839 in
1382 3796 1474 3838 annos
1497 3775 1557 3839 733

214 3891 243 3944 et
268 3880 329 3944 735
359 3891 505 3963 tamquam
534 3883 654 3945 consule
675 3881 825 3960 designato
847 3881 978 3960 Augusto
1000 3883 1135 3944 consules
1159 3882 1287 3962 singulos
1311 3889 1425 3942 tanturn
1447 3888 1559 3941 creatos

213 4004 286 4058 esse,
309 3993 343 4046 ut
364 3983 393 4046 id
414 3984 512 4065 ipsum
535 3984 621 4046 etiam
645 3985 675 4046 in
698 4005 724 4047 a.
742 3984 803 4046 734
825 3989 933 4048 lactum
949 4004 1087 4047 essenon
1108 3985 1172 4048 sine
1187 4003 1274 4046 causa
1289 3983 1445 4064 suspicere.
1483 3983 1558 4044 Sue-

213 4088 311 4150 tonius
333 4107 449 4169 quoque
471 4107 496 4149 c.
513 4088 553 4150 26
576 4089 744 4151 consulatus
768 4089 875 4150 multos
898 4089 953 4150 sibi
971 4089 1085 4151 delatas
1100 4089 1265 4168 Augustum
1288 4089 1329 4150 ait
1343 4105 1502 4148 recusasse.
1519 4119 1558 4130 -

213 4191 296 4265 Quod
323 4192 364 4254 ait
390 4191 466 4254 idem
488 4191 542 4252 Dio
565 4193 613 4266 54,
639 4193 677 4254 10
700 4192 866 4271 Augustum
889 4211 914 4254 a.
938 4191 999 4254 735
1020 4201 1199 4273 vpotestatem
1227 4191 1408 4252 consularem
1431 4189 1462 4250 in
1484 4189 1559 4252 vitae

213 4303 329 4376 tempus
359 4295 520 4366 admisisse,
550 4314 608 4356 non
632 4295 726 4356 solnm
750 4295 896 4358 diversum
920 4305 966 4358 est
987 4296 1068 4377 (nam
1091 4295 1187 4377 potuit
1208 4295 1392 4358 consulatum
1415 4312 1558 4364 recusare,

212 4399 339 4480 recipere
368 4399 549 4461 consulerem
578 4399 782 4479 potestatem),
814 4399 865 4460 sed
892 4408 987 4461 totum
1013 4399 1171 4474 ficticinm3
1200 4417 1268 4461 nam
1291 4408 1320 4462 et
1346 4417 1448 4460 omnes
1470 4397 1560 4459 ceteri

213 4511 346 4565 auctores
368 4502 397 4565 id
419 4503 554 4583 ignorant
575 4513 605 4564 et
626 4502 689 4583 ipsc
704 4502 852 4583 Angustus
875 4502 1040 4583 significans
1062 4502 1091 4576 2,
1115 4505 1143 4566 5.
1166 4502 1185 4565 8
1208 4501 1329 4564 secundi
1350 4510 1380 4564 et
1396 4501 1474 4564 tertii
1489 4520 1559 4562 cen-

213 4625 263 4668 sus
293 4623 378 4668 cansa
406 4607 556 4669 consulare
577 4605 734 4688 imperinm
758 4624 789 4668 se
811 4605 973 4687 suscepisse
995 4625 1029 4669 eo
1051 4615 1199 4687 praeterea
1221 4624 1252 4667 se
1274 4623 1362 4668 usum
1384 4623 1449 4666 esse
1474 4613 1560 4684 negat

214 4707 399 4788 (Staatsrecbt
420 4707 440 4768 2
461 4728 490 4790 p.
506 4707 590 4788 836).
