3656 5434
332 365 394 431 158
917 363 966 432 m,
992 367 1026 421 ar
1046 367 1081 422 ss
1122 349 1131 364 “

468 544 542 618 19‚1
577 542 711 626 Μητρὸς
733 543 835 619 θεῶν,
857 545 894 623 [§]
915 539 1168 628 β[οολεοτη’ροον]
1193 545 1253 608 σὺν
1273 544 1491 631 χαλκιῐὶδικῷ,
1520 551 1556 628 [ς]
1577 544 1682 630 ἀγορᾷ
1796 586 1806 612 ι,

527 667 542 709 2
570 647 720 735 Σεβαστῇ
741 648 809 728 (sic)
830 649 881 726 [θλ
904 649 1049 729 θέατρον
1066 646 1273 729 Μαρκέλλου,
1295 652 1333 729 [ξ]
1347 648 1532 735 melodium*
1547 649 1680 729 Ἰουλία,

526 771 539 814 a
568 752 604 829 [ς]
626 747 725 824 ἄλσος
753 748 938 833 Καισάρων,
960 752 997 830 [§]
1019 751 1114 814 croci
1136 749 1189 831 ἐ[ν]
1214 751 1403 839 ΠαλατῌῙῳ,
1428 753 1434 839 Ι
1459 755 1540 820 στοὰ
1562 755 1598 820 ἐν
1621 753 1681 818 ἳπ-

571 851 730 938 ποδρόμῳ
754 851 939 939 Φλαμινίῳ.
962 858 980 929 ξ

874 1161 1054 1252 OAPVT,
1075 1165 1137 1240 III

389 1362 454 1404 cnr.
470 1343 499 1418 6,
515 1363 540 1405 er
570 1339 710 1421 {Reiecit
732 1341 917 1423 Capitollr'um
945 1343 1112 1424 mmolsque
1138 1345 1223 1406 aedes
1254 1348 1404 1426 [nu]m[ero
1427 1351 1575 1429 octoqintul
1598 1351 1679 1424 duas,
1804 1333 1806 1356 ⁴

516 1465 543 1508 sa
568 1447 732 1525 thea[t]rum
756 1444 896 1527 Pomlpei,
918 1448 1072 1526 aquarum
1094 1451 1178 1519 rivos,
1200 1451 1287 1527 ortam
1311 1450 1511 1531 Flamin[tonr].

368 1551 538 1624 on.19‚at
563 1543 826 1631 ἘπεοκευάσθΙη
848 1546 885 1611 cd
907 1547 1150 1627 Kal'rrrroilrov,
1173 1553 1210 1630 [§]
1231 1551 1306 1616 ναοὶ
1329 1551 1532 1637 ὀγδοήκοντα
1546 1551 1619 1630 dric,
1642 1557 1679 1634 [ς]

525 1673 538 1715 5
567 1649 969 1735 θέ[ατ]ρον11[ομ]λπηλου,
994 1654 1029 1731 [§]
1054 1649 1131 1727 ὁδὸς
1148 1652 1328 1739 Φλαμινία,
1350 1659 1387 1736 [§]
1402 1653 1525 1739 dymyol
1539 1653 1680 1721 ὑδάτων.

326 1784 537 1865 Compendium
562 1794 608 1846 est
629 1803 731 1846 eorum
754 1803 827 1863 quae
850 1801 936 1864 supra
959 1782 1098 1862 leguntur
1120 1785 1149 1858 4,
1168 1784 1279 1846 1-23.
1296 1785 1345 1847 43.
1362 1787 1413 1858 44,
1435 1796 1465 1848 et
1487 1787 1607 1849 omnino
1629 1807 1680 1849 ca-

325 1887 463 1962 vendum,
486 1906 522 1948 ne
544 1887 615 1968 quid
637 1887 669 1948 in
691 1887 737 1949 his
759 1886 865 1947 rimere
888 1885 1065 1965 exquisitum
1088 1896 1119 1974 et
1140 1889 1220 1950 utile.
1257 1888 1351 1951 Petita
1373 1890 1485 1952 scilicet
1505 1899 1576 1952 sunt
1591 1910 1678 1971 opera

325 2010 399 2052 nova
421 2011 457 2053 er
478 2010 586 2053 comm.
602 1991 632 2064 4,
650 1989 740 2052 1-8.
758 1989 892 2064 21-23,
915 1989 1021 2051 additis
1035 1990 1153 2053 basilica
1167 1993 1238 2054 lolia
1253 2012 1289 2054 ex
1305 1995 1334 2068 4,
1352 1995 1477 2056 14-16
1499 2003 1529 2055 et
1558 2013 1679 2056 nemore
1804 2041 1806 2084 ,

326 2094 481 2156 Caesarum
505 2114 540 2156 ex
562 2096 591 2168 4,
608 2093 658 2156 43.
675 2095 729 2168 44;
750 2103 911 2175 utrumque
932 2103 1085 2174 propterea
1108 2095 1188 2157 vides
1211 2096 1382 2159 collocatum
1405 2097 1435 2158 in
1459 2097 1600 2160 laterculo
1619 2101 1678 2159 lere

325 2207 466 2260 extremo.
510 2199 543 2260 ln
570 2198 673 2260 ordine
698 2197 904 2260 constituendo
932 2216 991 2258 nou
1013 2198 1069 2260 hoc
1091 2208 1211 2260 secutus
1233 2208 1278 2261 est
1300 2199 1493 2280 epitomator,
1521 2202 1600 2280 quod
1623 2202 1678 2262 sibi

325 2301 471 2383 persuasit
492 2301 638 2364 Beclrerus
661 2302 787 2382 (topogr.
803 2321 831 2382 p.
849 2298 938 2379 rat),
970 2309 1004 2361 ut
1025 2301 1155 2381 primum
1178 2303 1240 2364 loca
1264 2322 1343 2364 sacra
1366 2315 1545 2379 recenseret,
1575 2303 1677 2366 deinde

323 2405 449 2487 publicis
477 2405 601 2486 negotiis
628 2405 788 2497 destinata,
816 2403 941 2483 denique
970 2423 1044 2484 quae
1066 2406 1167 2485 populi
1188 2406 1387 2486 voluptatibus
1409 2407 1597 2480 inservirent,
1625 2408 1676 2468 sed

324 2509 386 2570 solo
413 2509 510 2571 studio
540 2508 704 2582 breuitate,
733 2517 766 2571 ut
794 2527 852 2570 uno
879 2509 958 2569 aedis
988 2509 1127 2570 vocabulo
1158 2509 1378 2589 defungeretur,
1407 2510 1538 2590 primum
1570 2509 1676 2590 templa

324 2612 476 2676 coniunxit
502 2615 599 2675 omnia
633 2613 735 2674 eodem
769 2615 828 2673 lere
861 2611 980 2684 ordine,
1013 2631 1072 2690 quo
1100 2612 1238 2692 leguntur
1269 2612 1299 2674 in
1322 2614 1546 2686 commentario,
1575 2613 1677 2676 deinde

325 2725 419 2778 cetera
449 2717 574 2778 subiecit
600 2726 635 2778 ut
661 2735 746 2778 casus
774 2715 912 2778 tulit-
938 2714 999 2777 Lat.
1016 2715 1056 2777 35
1086 2715 1287 2797 interpretatio
1309 2716 1386 2797 quod
1410 2717 1533 2798 requirit
1550 2721 1678 2797 porticus

323 2823 355 2880 in
377 2820 497 2890 Palatio.
521 2824 665 2901 porticum
690 2824 721 2882 in
748 2824 820 2882 circo
842 2817 982 2881 Flamim'o
1010 2819 1137 2900 spatium
1168 2838 1227 2882 non
1256 2821 1346 2901 capit,
1373 2841 1441 2882 cum
1468 2823 1545 2882 inter
1564 2818 1626 2888 lon
1648 2830 1677 2881 et

325 2943 446 2985 rassin
472 2925 585 2986 litterae
612 2942 671 2986 non
694 2923 830 2984 deficiant
852 2923 918 3002 plus
940 2942 1018 2996 rxvr,
1046 2931 1080 2984 ut
1102 2923 1234 2985 videatur
1256 2933 1307 2985 aut
1328 2924 1531 3003 quadratarius
1552 2925 1675 2987 alterum
1804 2957 1805 2960 κ

324 3046 438 3090 comma
465 3027 600 3090 omisisse
627 3035 678 3088 aut
704 3027 766 3108 ipse
795 3025 985 3088 additamenti
1012 3037 1128 3102 auctor,
1159 3046 1247 3108 quem
1274 3027 1435 3090 ¹uerisimile
1458 3038 1504 3090 est
1525 3038 1555 3090 et
1575 3029 1676 3091 latina

325 3131 476 3212 scripsisse
498 3140 528 3193 et
550 3132 670 3205 Graeca,
697 3130 831 3211 posuisse
849 3134 979 3210 porticus
1001 3129 1160 3210 complores
1181 3131 1226 3192 rel
1248 3131 1342 3192 simile
1364 3131 1512 3210 quiddam.
1559 3133 1589 3193 ln
1613 3131 1674 3192 edi-

325 3235 403 3297 tione
424 3235 521 3317 priore
543 3253 612 3297 eum
634 3253 687 3313 ego
710 3243 777 3314 post
798 3233 929 3296 Marcelli
946 3234 1058 3296 hiatum
1083 3233 1281 3314 signavissem,
1304 3254 1372 3296 eum
1396 3235 1522 3316 explevit
1536 3235 1674 3314 Berglrius

325 3338 420 3400 verbis
443 3339 480 3401 od
501 3339 599 3400 nedem
621 3337 767 3418 Apollinis,
791 3336 895 3398 melius
918 3337 1128 3400 Hirschfeldius
1150 3358 1179 3419 p.
1196 3339 1257 3401 260
1279 3340 1412 3400 inserens
1431 3343 1574 3419 porticum
1590 3339 1674 3401 Octu-
1803 3355 1804 3390 1

324 3447 418 3516 otum3
445 3447 569 3524 porticus
596 3441 641 3502 rel
665 3446 807 3522 porticum
829 3440 967 3520 reliquiae
990 3441 1121 3521 flagitant
1133 3439 1198 3510 lor!
1218 3451 1287 3522 post
1307 3461 1501 3503 nascetur.
1525 3477 1567 3486 —-
1582 3441 1676 3523 Opera

324 3548 431 3608 reiecta
453 3545 588 3606 similiter
610 3546 762 3626 desumpta
785 3554 855 3606 sunt
875 3563 912 3604 ex
934 3562 1041 3618 comm,
1057 3546 1086 3619 4,
1110 3544 1223 3607 9-12.
1247 3547 1294 3606 17.
1313 3546 1362 3607 19.
1377 3580 1419 3588 -
1435 3545 1562 3608 Graecus
1584 3545 1675 3606 inter·

323 3667 391 3729 pres
418 3649 447 3710 in
470 3649 628 3729 appendice
650 3649 704 3710 hac
725 3648 845 3710 liberius
873 3657 1005 3710 versatus
1028 3649 1128 3711 omisit
1149 3659 1179 3710 et
1199 3649 1336 3729 prtlm'nor
1356 3650 1395 3711 od
1416 3653 1538 3723 oneum,
1566 3649 1597 3711 in
1619 3667 1675 3728 quo

323 3754 463 3814 vertendo
482 3751 569 3814 etiam
593 3771 681 3833 supra
704 3755 744 3833 (p.
761 3751 813 3828 53)
833 3751 1025 3832 interpretem
1040 3752 1167 3814 vidimus
1188 3751 1379 3825 laborantem,
1402 3760 1432 3814 et
1453 3763 1535 3814 tratas
1558 3751 1676 3814 Tiberim

323 3856 493 3918 adiunctum
510 3856 545 3917 ad
560 3875 660 3918 nemus
676 3855 842 3918 Camarum.
871 3854 982 3917 Deinde
996 3856 1178 3936 transposuit
1199 3875 1267 3918 casu
1290 3856 1395 3937 opinor
1409 3854 1558 3918 basilicam
1575 3854 1674 3916 luliam

325 3960 529 4040 theatrumque
551 3959 687 4032 llarcelli,
709 3958 779 4020 item
803 3958 935 4039 porticus
961 3977 1125 4038 nemusque
1140 3961 1296 4022 Caesarum
1320 3970 1350 4022 et
1370 3961 1570 4039 aquaeductus
1585 3959 1676 4020 riam-

324 4083 380 4142 que
396 4062 585 4137 Flaminiam3
606 4062 747 4144 Lupercal
762 4071 860 4124 autem
877 4081 912 4124 ex
927 4063 995 4124 sede
1010 4063 1147 4126 interiore
1170 4064 1241 4144 (quo
1263 4073 1341 4126 certe
1364 4064 1426 4125 solo
1441 4065 1505 4126 loco
1520 4061 1551 4124 in
1567 4063 1676 4124 Latinis

323 4165 451 4246 spatium
482 4177 617 4248 superest
644 4167 784 4229 vocabulo
807 4165 832 4226 ei
855 4165 1021 4246 recipiendo
1043 4168 1208 4242 sufficiens,
1237 4186 1332 4247 neque
1354 4168 1393 4229 ita
1415 4167 1445 4228 id
1466 4167 1555 4229 inseri
1583 4166 1676 4238 debet,

324 4279 358 4331 ut
375 4271 499 4348 ¹aedium
529 4270 780 4334 enumerationem
808 4270 975 4350 conturbet)
1003 4270 1079 4333 inter
1101 4272 1187 4334 aedes
1208 4271 1364 4333 numinum
1389 4271 1547 4344 transtulit,
1571 4272 1676 4351 quippe

324 4375 432 4435 Graece
454 4375 564 4436 dictum
588 4373 665 4448 ναὸς
689 4370 809 4446 Πανός.
1007 4359 1009 4364 ’
