3696 5430
331 376 451 433 XXXVI

430 559 532 639 lpsum
554 577 628 640 opus
650 558 693 620 sic
714 557 841 621 institui.

430 663 452 724 1.
474 663 608 726 Primum
630 665 765 726 recensui
780 664 946 745 exemplum
961 664 1098 727 Latinum
1115 666 1211 746 ipsum
1228 664 1369 746 scriptum
1386 668 1539 731 emendate
1553 679 1583 731 et
1596 669 1682 750 quale

330 766 377 827 vix
400 775 583 849 expectasses
598 768 628 830 in
644 767 792 849 provincia
808 777 838 830 et
851 767 1009 849 longinqua
1024 779 1054 832 et
1069 770 1191 844 Graeca3
1214 769 1324 832 scribae
1339 771 1552 850 quadratariive
1567 791 1682 835 errores

295 855 299 862 ’
330 871 520 935 inveniuntur
541 873 573 934 hi
594 875 669 934 lere:
693 871 758 946 22
780 883 808 934 et
829 872 904 934 male
926 873 1071 934 insertum
1091 909 1132 917 -
1152 875 1181 946 4,
1197 872 1238 934 22
1258 874 1328 936 aede
1350 893 1403 954 pro
1426 875 1523 936 nedem
1537 909 1579 920 -
1594 879 1623 948 4,
1640 877 1679 938 31

329 982 486 1058 qur'nquena
507 995 560 1058 pro
582 980 748 1059 quinquiens
762 1011 803 1020 -
818 977 847 1048 4,
864 976 905 1036 45
927 975 1042 1038 demoti
1060 995 1114 1056 pro
1137 977 1269 1039 decoctos
1288 1010 1331 1020 -
1353 977 1681 1060 5,1lprouieio[s]pro

325 1085 497 1160 prmioeiua.
540 1081 573 1142 ln
600 1090 703 1162 ectypo
730 1098 870 1160 gqpsacco
900 1089 1012 1152 nostro,
1040 1081 1075 1142 ad
1102 1081 1181 1160 quod
1202 1079 1390 1161 potissimum
1413 1080 1515 1143 Latina
1537 1084 1680 1158 recensui,

328 1205 403 1265 quae
425 1203 484 1246 non
507 1185 645 1264 leguntur
666 1192 718 1246 aut
738 1182 844 1245 litteris
865 1182 906 1246 ita
928 1183 1057 1245 evanidis
1087 1184 1180 1258 iactis,
1210 1193 1244 1246 ut
1271 1183 1414 1264 quaedam
1436 1203 1536 1248 earum
1561 1187 1680 1266 vestigia

328 1288 552 1370 deprehenderit
578 1287 827 1349 Domaszewslrius
854 1288 930 1363 (ride
958 1306 987 1367 p.
1003 1287 1119 1368 araur),
1146 1297 1197 1350 aut
1224 1306 1370 1349 marmore
1398 1289 1484 1351 hodie
1512 1289 1679 1364 imminuto,

215 1439 221 1452 .
257 1394 259 1398 ‘
327 1393 357 1455 id
383 1393 462 1473 quod
488 1391 621 1472 pervenit
647 1391 684 1452 ad
711 1392 739 1464 5,
755 1389 893 1453 34-54
914 1409 930 1452 a
954 1390 1045 1465 Luca,
1072 1391 1256 1472 aliquatenus
1282 1391 1369 1454 etiam
1398 1393 1576 1466 aCossono,
1598 1403 1628 1456 et
1649 1394 1679 1467 6,

330 1496 419 1557 1-6
448 1496 484 1557 ab
513 1503 631 1558 auctore
653 1494 796 1556 Chishulli
822 1494 899 1575 (vide
922 1514 1009 1576 supra
1032 1516 1059 1576 p.
1076 1499 1155 1573 xxiv)
1180 1494 1294 1574 plenius
1317 1496 1421 1570 lectos,
1450 1497 1587 1560 distincta
1609 1507 1681 1560 sunt

326 1599 432 1662 litteris
447 1599 621 1661 minoribus.
637 1633 678 1643 -
692 1597 835 1660 Vocahsda
851 1618 919 1660 cum
935 1618 970 1660 ex
986 1619 1042 1662 usu
1059 1599 1161 1662 Latino
1176 1599 1294 1680 punctis
1310 1611 1491 1681 separentur,
1508 1602 1547 1664 ibi
1561 1621 1681 1683 quoque

327 1702 377 1764 ubi
399 1711 508 1782 puncta
529 1713 581 1766 aut
603 1701 710 1765 omissa
734 1710 805 1762 sunt
826 1702 947 1764 consilio
972 1707 1017 1776 (ut
1031 1721 1117 1784 saepe
1132 1711 1199 1765 ante
1215 1703 1444 1784 praepositiones
1460 1705 1619 1786 enclitioas)
1636 1706 1681 1768 vel

326 1825 396 1868 casu
418 1806 460 1887 (id
483 1805 561 1886 quod
583 1825 649 1868 raro
664 1803 783 1884 evenit),
798 1813 849 1868 aut
864 1813 1054 1873 evanuerunt,
1078 1805 1196 1867 solitum
1213 1804 1403 1868 interstitium
1419 1807 1602 1871 admisimus.
1635 1809 1680 1872 Ab

326 1910 406 1972 hisce
428 1909 593 1973 interstitiis
622 1919 655 1972 ut
684 1908 904 1988 distinguantur
930 1917 989 1970 tam
1023 1909 1114 1990 spatia
1148 1908 1257 1972 maiora
1290 1911 1424 1973 consulto
1457 1931 1547 1974 vacua
1579 1913 1680 1976 relicta

325 2033 415 2094 quam
437 2015 543 2088 hiatus,
567 2013 597 2075 in
619 2013 676 2074 illis
699 2014 849 2076 effecimus
871 2023 923 2076 aut
944 2013 1008 2094 ipso
1028 2011 1142 2074 ambitu
1163 2021 1214 2074 aut
1234 2012 1419 2076 adnotatione
1433 2014 1559 2090 adiecta3
1581 2016 1679 2078 hiatus

325 2117 454 2180 minores
477 2117 571 2180 solitis
593 2117 713 2196 virgulis
734 2117 911 2191 indicantur,
935 2116 1060 2179 maiores
1082 2115 1263 2197 interpositis
1280 2116 1444 2179 litterarum
1459 2117 1678 2199 deperditarum

325 2223 458 2284 numeris
480 2220 620 2282 Arabicis.
644 2253 687 2264 -
708 2220 859 2282 Elementa
881 2238 941 2282 non
963 2220 1075 2300 integra
1098 2218 1148 2281 ubi
1169 2218 1363 2282 nihilomiuus
1389 2229 1468 2282 certa
1495 2228 1574 2294 sunt
1601 2229 1680 2283 tam-

325 2343 413 2406 quam
436 2325 548 2404 integra
570 2333 759 2404 superessent
780 2332 1049 2405 repraesentantem
1072 2322 1123 2385 ubi
1142 2322 1181 2384 ita
1197 2323 1314 2385 effracta
1329 2331 1408 2398 sunt,
1431 2333 1465 2386 ut
1478 2325 1557 2404 quod
1573 2343 1679 2405 super-

324 2438 370 2490 est
391 2427 545 2508 restigium
569 2427 604 2489 ad
627 2427 739 2491 diversa
761 2428 905 2490 elementa
925 2426 1028 2489 reierri
1050 2426 1152 2506 possit,
1175 2426 1204 2488 id
1219 2426 1316 2506 ipsum
1331 2438 1476 2506 quantum
1499 2428 1562 2490 lieri
1582 2429 1681 2509 potuit

325 2532 401 2614 typis
434 2531 641 2613 expressimus.
669 2568 705 2576 -
734 2531 836 2593 Hiatus
863 2529 1113 2593 llomaszewslrius
1140 2528 1292 2592 dimensus
1318 2531 1353 2593 ad
1381 2541 1518 2612 ectypum
1544 2541 1618 2612 quot
1645 2533 1679 2595 in

322 2635 445 2716 singulis
468 2636 611 2698 elementa
626 2635 779 2699 videantur
800 2634 922 2716 periisse
938 2634 1039 2696 sedulo
1061 2633 1218 2707 adnotavit,
1242 2633 1402 2714 spatiorum
1426 2637 1547 2710 ratione,
1570 2644 1605 2698 ut
1625 2655 1680 2718 par

322 2748 393 2814 erat,
415 2740 513 2802 habita
537 2741 597 2802 sola
619 2759 716 2820 neque
737 2739 897 2821 respiciens
918 2738 954 2801 ad
975 2739 1177 2820 supplementa
1193 2756 1246 2818 per
1260 2746 1466 2818 argumentum
1483 2739 1676 2821 suppeditata.

321 2842 381 2906 Nec
407 2851 505 2906 tamen
533 2842 678 2905 eiusmodi
700 2843 801 2924 spatiis
829 2862 988 2907 numerum
1018 2843 1181 2905 litterarum
1210 2841 1426 2923 deperditarum
1454 2853 1533 2906 certo
1562 2843 1677 2906 deliniri

320 2965 519 3028 numerosque
541 2966 559 3008 a
580 2946 666 3009 nobis
687 2946 852 3027 propositos
873 2965 970 3028 neque
991 2945 1185 3026 neglegendos
1207 2964 1272 3008 esse
1293 2965 1389 3026 neque
1411 2947 1496 3009 anxie
1510 2948 1677 3028 sequendos

320 3069 408 3132 supra
431 3051 472 3132 (p.
488 3049 549 3126 aar)
573 3049 753 3113 monuimus.
780 3049 862 3111 -Α
890 3049 1101 3130 supplementis
1127 3049 1158 3111 in
1185 3049 1240 3111 hac
1265 3049 1383 3129 quidem
1418 3049 1588 3113 recensione
1621 3051 1675 3114 ab·

320 3154 429 3228 stinui;
451 3154 562 3216 subieci
583 3162 681 3216 autem
705 3153 847 3233 integram
870 3153 1039 3215 varietatem
1062 3153 1263 3234 exemplorum
1278 3172 1406 3232 quorum
1422 3154 1505 3234 copia
1520 3154 1594 3216 mihi
1609 3154 1674 3228 luit,

319 3257 378 3319 nisi
403 3257 482 3336 quod
505 3255 702 3336 Busbequiani
730 3273 817 3336 supra
839 3275 868 3335 p.
892 3274 1053 3317 rx-axrn
1080 3255 1290 3338 repraesentati
1317 3256 1364 3318 hic
1393 3275 1453 3318 non
1482 3257 1588 3320 admisi
1616 3257 1674 3320 nisi

238 3419 242 3426 .
320 3360 425 3422 selecta
447 3360 606 3440 quaedam;
627 3378 723 3440 neque
742 3357 793 3420 ubi
808 3358 936 3439 reliquos
952 3369 1042 3422 testes
1056 3359 1179 3440 appello,
1202 3359 1464 3438 comprehenditur
1479 3359 1674 3440 uusoequius.

319 3463 560 3544 dpographorum
584 3462 729 3524 varietatis
750 3478 811 3523 non
833 3460 934 3541 ignoro
957 3469 988 3524 et
1009 3461 1135 3523 taedium
1152 3461 1254 3541 ingens
1277 3481 1341 3524 esse
1363 3471 1393 3524 et
1415 3462 1570 3526 utilitatem
1587 3462 1673 3524 hodie

318 3566 466 3646 exiguam,
491 3566 702 3647 displicentque
724 3564 844 3626 omnino
867 3564 918 3644 qui
940 3565 1115 3646 obstrepunt
1135 3565 1256 3626 auribus
1278 3565 1388 3628 nostris
1411 3567 1584 3629 mendarum
1601 3584 1674 3627 oon-

317 3669 491 3732 clamatione
524 3690 560 3732 ex
591 3670 656 3750 ipso
688 3669 843 3748 archetypo
876 3667 1000 3730 lectione
1032 3666 1192 3729 curiosiore
1224 3668 1420 3744 sublatarum,
1455 3671 1538 3751 ¹quod
1578 3687 1671 3750 genua

317 3792 452 3837 errorum
482 3773 619 3854 equidem
642 3792 747 3835 censeo
768 3771 799 3833 in
829 3771 998 3834 universum
1026 3771 1200 3834 tradendum
1229 3791 1294 3834 esse
1318 3774 1421 3836 tacitae
1444 3773 1581 3836 oblivioni
1602 3791 1672 3853 per-

317 3879 472 3959 petuisque
501 3877 638 3940 tenebris.
683 3878 721 3938 dt
749 3875 892 3956 quaedam
921 3874 999 3937 inter
1024 3876 1121 3956 paleas
1148 3875 1201 3937 has
1230 3875 1418 3957 reperiuntur
1444 3877 1536 3957 frugis
1569 3877 1672 3949 bonae,

318 3982 429 4045 scilieet
450 3983 509 4044 duo
532 3981 596 4055 loci,
620 3981 656 4043 de
677 3979 786 4061 quibus
810 3980 896 4041 modo
916 3978 984 4054 dixi,
1008 3978 1123 4060 plenius
1139 3978 1206 4040 lecti
1221 3999 1237 4040 a
1252 3980 1416 4060 prioribus;
1439 3998 1507 4042 nam
1523 3987 1672 4060 praeterea

316 4085 471 4148 lectionem
500 4085 680 4147 constituere
701 4084 852 4165 potuimus
874 4093 926 4146 aut
947 4083 983 4144 ad
1006 4091 1141 4164 ectypum
1165 4091 1216 4144 aut
1237 4084 1273 4145 ad
1288 4083 1456 4164 exemplum
1470 4082 1671 4145 llomaszews·

316 4187 446 4262 lrianum,
470 4197 499 4251 et
519 4206 699 4268 quamquam
722 4189 847 4248 tortasse
869 4186 957 4248 etiam
980 4193 1095 4265 praeter
1117 4184 1191 4245 duos
1213 4183 1267 4245 hos
1289 4185 1368 4247 locos
1383 4185 1517 4265 priorum
1533 4186 1609 4248 oculi
1624 4187 1671 4248 hia

315 4291 375 4354 illic
396 4292 575 4355 elementum
598 4292 737 4354 viderunt
752 4292 831 4371 quod
847 4289 933 4351 hodie
948 4289 1107 4362 evanuerit,
1130 4287 1213 4350 utilia
1228 4287 1372 4350 eiusmodi
1388 4289 1467 4352 nulla
1484 4288 1669 4351 offendimus.

317 4395 374 4458 Sed
396 4396 476 4476 quod
496 4395 678 4458 intolerabile
701 4397 776 4456 ioret
796 4393 827 4455 in
851 4393 944 4456 titulis
966 4393 1085 4476 plebeiis
1107 4411 1163 4454 nec
1181 4390 1239 4454 nisi
1261 4411 1420 4454 numerum
1436 4392 1618 4465 iacientibus,
1640 4392 1669 4455 id

315 4507 367 4560 aut
394 4498 510 4560 delendi
536 4508 634 4580 potest
657 4507 708 4560 aut
730 4505 808 4559 certe
831 4496 901 4558 terri
922 4495 953 4557 in
976 4504 1170 4557 monumento
1193 4503 1290 4557 mutae
1311 4496 1493 4558 auctoritatis
1516 4503 1670 4576 mutaeque

315 4601 484 4664 nobilitatis.
521 4602 598 4675 Quid
618 4602 695 4683 quod
711 4609 809 4682 potest
830 4600 986 4680 aliquando
1009 4597 1120 4679 quaeri,
1142 4599 1173 4660 in
1196 4599 1252 4661 hoc
1273 4608 1467 4662 monumento
1489 4599 1560 4679 quid
1574 4600 1669 4679 legere

314 4705 465 4786 potuerint
487 4705 604 4788 lipsius
632 4716 662 4769 et
683 4703 871 4768 Niebuhrius.
915 4702 1010 4775 Quam
1040 4701 1161 4764 obrem
1187 4702 1348 4785 scripturae
1370 4702 1538 4766 varietatem
1561 4702 1592 4764 in
1615 4703 1670 4765 hac

314 4828 431 4890 quoque
454 4809 581 4872 editione
602 4809 746 4890 integram
769 4807 876 4870 addidi.
