3656 5444
673 416 723 485 tv,
741 417 856 472 51-54.
883 413 917 482 V,
938 415 1007 468 1-3
1473 417 1515 479 97

159 601 278 664 donarit
299 600 467 681 Cleopatrae
489 597 650 678 (Plutarch.
667 598 733 659 Ant.
758 595 822 671 58),
850 610 1028 674 quamquam
1057 593 1093 655 ad
1116 611 1180 654 eam
1199 592 1325 672 Augusti
1346 592 1433 656 rerba
1456 613 1515 656 non

159 704 344 786 perveniunt.
371 737 414 748 -·-
442 702 635 783 spoliationes
668 699 759 780 igitur
789 696 934 760 eiusmodi
966 696 996 758 in
1030 696 1198 778 Cleopatrae
1231 696 1353 776 matiam
1386 707 1516 778 patratae

160 817 230 871 sunt
256 807 337 870 Semi
366 805 474 888 Ephesi
503 801 639 884 Pergami
672 801 804 873 Rhoetei,
841 818 914 880 quae
949 808 1020 861 sunt
1051 799 1083 860 in
1114 799 1263 879 provincia
1293 800 1362 861 Asia
1399 819 1516 876 omnes;

159 910 363 992 quamohrem,
387 927 455 971 eum
477 906 650 988 praesertim
671 906 779 968 Graeca
800 904 921 966 alteram
944 902 1123 983 provinciam
1139 921 1198 964 non
1213 902 1380 979 admittant,
1402 903 1434 966 in
1448 904 1518 967 Asia

160 1013 381 1076 subsistendum
405 1020 451 1072 est
471 1009 587 1072 reiectis
610 1006 824 1089 supplementis
846 1023 913 1068 oum
937 1006 1069 1087 priorum
1091 1009 1248 1068 enitotinm
1263 1006 1446 1088 Peloponnesi
1459 1007 1517 1088 (rel

54 1163 64 1172 .
159 1115 296 1196 Achaiae)
318 1124 345 1177 et
365 1116 447 1178 Asine
470 1123 534 1176 tunt
557 1110 728 1192 Bergkianis
744 1114 900 1173 civitatium
915 1109 1061 1188 Bithyniae
1076 1119 1103 1170 et
1116 1108 1208 1170 Asine.
1242 1110 1396 1173 Praeterea
1410 1130 1517 1190 quaut-

160 1215 249 1300 quam
278 1227 394 1280 constat
414 1216 575 1279 Antonium
597 1233 717 1277 vexasse
739 1211 876 1276 Achaiam
899 1230 925 1272 a.
943 1212 1003 1273 715
1027 1210 1093 1286 (llio
1116 1210 1167 1285 48,
1183 1210 1247 1290 39),
1270 1231 1305 1274 eo
1332 1222 1411 1275 certe
1439 1222 1517 1275 tent·

160 1340 232 1402 pore
265 1322 351 1384 aedes
388 1339 485 1382 sacras
519 1337 579 1381 non
610 1317 744 1400 spoliavit
769 1317 936 1395 Cleopatrae
963 1333 1066 1389 causa,
1097 1315 1220 1376 Athenis
1253 1324 1315 1377 tum
1343 1334 1462 1378 morans
1487 1325 1518 1378 et

162 1424 298 1488 Octaviae
320 1441 421 1486 amore
443 1431 555 1502 captus.

183 1723 247 1766 tur.
264 1706 293 1780 4,
308 1724 333 1766 51
352 1724 378 1767 su
419 1705 537 1766 Statuas
562 1702 659 1780 [nesle
681 1699 833 1781 pedestris
852 1707 882 1761 et
898 1707 1049 1780 equestres
1065 1698 1139 1761 etin
1159 1697 1163 1782 Ι
1183 1698 1348 1780 quadrigeis
1364 1711 1518 1782 argenteae

353 1825 380 1870 aa
407 1814 554 1869 steterunt
578 1805 609 1866 in
637 1803 709 1865 urbe
731 1821 785 1864 xre
813 1801 944 1876 oireiter,
974 1821 1047 1881 quas
1074 1801 1137 1883 ipse
1156 1801 1161 1884 Ι
1181 1804 1288 1866 sustuli
1303 1805 1340 1883 [ξ]
1368 1824 1461 1884 exque
1484 1806 1517 1868 eia

355 1930 382 1972 os
409 1909 534 1989 pecuniis
555 1908 631 1970 dona
653 1924 741 1968 aurea
762 1905 793 1966 in
816 1905 887 1967 herle
908 1905 1161 1987 Apolllrluismeir
1183 1884 1314 1984 nomime
1336 1908 1517 1982 miliorum,

406 2011 457 2092 qui
479 2011 552 2073 mihi
575 2011 739 2072 statuerum
761 2010 905 2073 honorem
928 2009 1104 2082 hahuerunt
1127 2009 1221 2090 posui.
1237 2013 1256 2085 ς
1271 2006 1283 2093 ΙΙ

205 2133 251 2175 on.
270 2113 318 2187 13,
340 2135 352 2177 r
368 2131 381 2175 s
399 2108 604 2195 ’Λυδριοίντες
624 2109 728 2192 πεΙζοΙ
748 2113 804 2174 καὶ
827 2110 976 2196 ἔφιπποί
995 2132 1059 2192 μου
1071 2111 1137 2173 ’καὶ
1152 2104 1204 2196 ἐφ’
1219 2105 1366 2194 ἅρμασιν
1380 2107 1519 2197 ἀργυροῖ

319 2237 331 2278 s
350 2237 374 2278 ιο
404 2212 620 2299 εἶστήκειΙσαυ
631 2213 667 2279 ἐν
680 2215 720 2304 τῇ
734 2213 833 2280 πόλει
848 2214 939 2292 toric
955 2209 1169 2296 ὀγδοήκοντα,
1186 2209 1242 2288 οὓς
1257 2210 1355 2288 αὐτὸς
1366 2210 1438 2298 ἦρα,
1458 2214 1464 2298 Ι
1483 2214 1518 2278 ἐκ

353 2339 375 2383 ιι
404 2317 521 2382 τούτου
548 2342 583 2380 τε
603 2318 663 2381 τοῦ
685 2315 848 2402 χρήματος
871 2311 1073 2400 ἀναθέματα
1094 2319 1202 2400 χρυσᾶ
1222 2316 1257 2381 ἓν
1275 2317 1281 2401 Ι
1299 2318 1345 2403 τῷ
1368 2320 1437 2403 ναῷ
1458 2319 1518 2382 τοῦ

354 2441 378 2484 ιο
401 2417 610 2495 ’Λπόλλωνος
636 2422 681 2504 τῷ
707 2443 743 2483 τε
770 2419 839 2504 ἐμῷ
868 2415 1008 2503 ὀνόματι
1036 2419 1091 2482 καὶ
1118 2423 1122 2502 Ι
1148 2418 1300 2496 ἐκείνων,
1329 2423 1449 2494 οἵτινές
1476 2443 1518 2505 με

353 2544 377 2586 ta
405 2515 553 2603 ΙτΙούτοις
573 2533 644 2598 τοῖς
665 2518 842 2608 ἀνδριᾶσιν
863 2522 1060 2607 ἐτείμηΙσαν,
1083 2519 1241 2606 ἀνέθηκα.
1262 2523 1266 2606 Ι

164 2653 323 2716 Suetonius
337 2653 410 2734 Aug.
427 2652 482 2715 52:
508 2658 541 2716 in
561 2655 631 2716 urhe
646 2699 778 2716 ......
795 2665 941 2735 arpenteos
962 2664 1071 2716 sturnus
1093 2652 1162 2715 olim
1182 2655 1238 2716 sihi
1253 2658 1361 2735 positus
1383 2655 1519 2733 conflenti

163 2774 260 2818 ornnes
293 2775 383 2838 empne
414 2761 449 2820 iis
476 2776 581 2820 unreas
609 2761 733 2819 cortinas
759 2757 884 2838 Apollini
911 2757 1043 2821 Palatino
1068 2758 1213 2820 deliravit.
1258 2757 1311 2818 llio
1341 2758 1399 2832 53,
1415 2756 1471 2818 22:
1500 2752 1518 2820 ὁ

167 2854 359 2938 Αὔγουστος
382 2858 437 2922 καὶ
461 2854 658 2941 ἀνδριάντας
679 2857 772 2933 τινὰς
794 2857 912 2922 ἑαυτοῦ
933 2855 1091 2942 ἀργυροῦς
1113 2855 1197 2942 πρός
1210 2882 1245 2921 τε
1259 2861 1325 2922 τῶν
1340 2859 1447 2944 φίλων
1462 2859 1518 2921 καὶ

164 2960 248 3042 πρὸς
276 2955 391 3046 δήμιον
418 2962 517 3024 τινῶν
547 2958 721 3042 γεγονότας
746 2960 780 3034 ἐς
806 2957 955 3045 νόμισμα
981 2964 1145 3046 κατέκοψε
1174 2965 1222 3038 (cl.
1239 2963 1295 3037 52,
1317 2962 1366 3025 35.
1384 2961 1517 3042 54,35).

162 3062 237 3125 Plin.
253 3064 283 3125 h.
299 3083 329 3126 n.
345 3063 395 3136 33,
414 3063 462 3138 tt,
480 3065 556 3126 151:
578 3070 691 3145 arpenti
709 3085 794 3128 enom
815 3070 846 3127 in
867 3076 976 3128 statuas
996 3071 1124 3146 prr'rnnm
1146 3066 1206 3128 elini
1218 3067 1339 3147 Aupnsti
1359 3077 1517 3146 tempornm

164 3166 328 3230 adulatione
350 3172 484 3230 transisse
505 3169 581 3247 salso
603 3172 793 3230 existimatur.

682 3473 857 3551 CAPVT
883 3476 999 3550 XXV

238 3669 302 3713 tur.
319 3653 376 3726 5,1
410 3649 413 3730 Ι
437 3652 515 3716 llare
536 3649 636 3735 paehvi
658 3651 673 3712 it
694 3652 900 3732 praedonibus.
931 3654 971 3716 Εό
996 3653 1071 3716 hello
1093 3657 1258 3728 servorum,
1280 3654 1331 3733 qui
1351 3657 1518 3734 ingerenti

362 3773 376 3817 ο
406 3756 534 3818 dominis
553 3755 558 3837 Ι
578 3756 640 3818 suis
669 3765 699 3819 et
725 3775 806 3818 arma
828 3757 930 3818 sonui
952 3776 1017 3818 rem
1039 3757 1186 3839 publicam
1209 3757 1365 3839 ceperant,
1397 3758 1517 3839 triginta

363 3877 375 3920 a
405 3861 465 3920 lere
488 3859 578 3921 millia
600 3863 717 3941 eapta§
736 3859 740 3942 Ι
760 3859 889 3922 dominis
910 3861 947 3922 ad
970 3859 1148 3942 supplicium
1172 3860 1350 3922 sumendum
1368 3862 1517 3938 tradidi.§

181 3977 227 4020 on.
245 3959 294 4034 1³,
311 3980 336 4022 ιι
351 3981 377 4024 ιο
406 3957 606 4042 ΘάλασοαΙυΙ
629 3964 907 4046 ποιρατευομένην
934 3957 999 4026 ὑπὸ
1027 3958 1227 4025 ἀποστατῶν
1253 3960 1390 4041 inolitos
1419 3960 1518 4048 [εἰρή-

356 4084 379 4126 ιο
406 4065 529 4142 υΙευσα·
552 4061 588 4136 ἐξ
607 4057 652 4128 ὧν
666 4075 753 4147 τρεῖς
767 4086 834 4128 που
849 4063 1013 4148 μυριάδας
1027 4075 1098 4138 τοῖς
1116 4065 1121 4148 Ι
1141 4061 1339 4144 δεΙσπόταιΙς
1354 4067 1402 4140 εἰς
1417 4063 1518 4130 κόλα-

408 4183 463 4230 σιν
486 4165 673 4248 παρέδωκα.
690 4174 707 4243 §

163 4296 313 4359 Pertinere
335 4295 406 4357 haee
427 4296 463 4358 ad
486 4296 595 4359 bellum
618 4316 685 4361 eum
708 4299 775 4361 Sex.
790 4296 931 4378 Pompeio
953 4307 1068 4378 gestum
1091 4298 1234 4361 intellexit
1255 4297 1434 4360 Chishullus.
1472 4299 1515 4361 ut.

163 4399 239 4461 inira
262 4400 296 4472 5,
313 4397 363 4460 33.
380 4399 436 4460 34:
462 4399 591 4462 &cilium
612 4412 639 4464 et
659 4400 828 4463 Sardiniam
851 4411 1000 4482 occupatos
1023 4401 1094 4464 bello
1116 4403 1220 4464 seruoli.
1265 4400 1392 4463 Velleius
1415 4401 1445 4476 2,
1462 4402 1516 4464 73:

164 4503 244 4578 (Sex.
259 4501 430 4582 Pompeius)
453 4513 590 4583 οοαυγοια
610 4503 709 4565 Sicilia
734 4507 848 4565 seruitio
873 4505 1060 4584 supinusque
1082 4509 1113 4566 in
1133 4523 1287 4566 nunnrum
1308 4509 1450 4568 eaern'tns
1471 4510 1520 4568 sni

163 4609 301 4686 recipiens
322 4624 457 4686 mopnnnt
482 4606 597 4668 modurn
626 4605 766 4687 lapionnm
787 4607 921 4688 effecerat
945 4624 1051 4687 perque
1073 4607 1187 4669 Menona
1208 4619 1235 4668 et
1256 4607 1440 4671 Menecraten
1458 4628 1517 4689 po-

164 4719 259 4770 ternos
281 4707 394 4771 hiereos
412 4710 574 4790 praefectos
596 4710 729 4772 classium
752 4708 907 4772 latrociniis
928 4729 963 4771 oc
980 4709 1217 4790 praedationibus
1236 4712 1371 4790 infestato
1386 4715 1465 4774 mori
1478 4713 1517 4774 ud

163 4829 192 4873 ae
219 4815 430 4892 enereitnmpne
458 4813 595 4875 tuendum
621 4823 703 4893 rapto
729 4813 875 4885 neturus,
904 4831 968 4874 anm
993 4832 1058 4876 enm
1082 4831 1140 4876 non
1169 4813 1321 4894 depndnet
1341 4815 1516 4877 vindicatam

1340 4916 1356 4968 7
