3656 5434
630 387 786 446 rmvuvs
805 389 1028 447 TIBVR'IINVS
1443 400 1504 463 163

250 569 396 642 Quattuor
418 569 490 630 haec
514 569 620 631 indicia
646 569 821 650 expendenti
847 569 931 632 lacile
956 571 1107 651 apparebit
1128 588 1247 632 omnem
1274 573 1402 635 nominis
1429 583 1506 636 certa

150 670 263 733 ratione
285 670 476 752 recuperandi
498 689 580 751 spem
604 671 730 752 positam
758 692 823 734 esse
849 672 881 734 ln
902 673 1094 753 legationibus
1118 673 1257 755 Syriacis3
1287 677 1398 758 reliqua
1427 679 1505 740 enim

152 777 206 837 tria
228 784 286 836 um
311 773 412 836 multis
434 774 606 862 homiuibus
628 776 798 838 communia
820 779 951 851 luerunt,
985 785 1019 838 ut
1046 775 1081 836 ad
1111 777 1347 840 confirmandum
1374 790 1404 843 et
1425 784 1506 844 relu-

152 877 272 939 taudum
297 875 388 956 magis
410 877 525 939 valeant
546 896 636 956 quam
659 878 693 940 ad
717 878 936 941 iuveniendum.
982 878 1081 960 Syriae
1103 887 1202 941 autem
1230 880 1317 960 legati
1347 892 1414 963 post
1443 903 1506 946 rem

151 981 295 1061 publicam
330 980 366 1042 ab
387 980 521 1060 Augusto
554 979 721 1042 restitutam
745 999 770 1042 a.
795 980 856 1041 727
885 981 1006 1060 quinam
1040 982 1151 1044 luerint
1181 986 1220 1060 (v.
1242 983 1375 1047 Norisius
1410 996 1505 1049 cenot.

151 1084 209 1146 Pis.
243 1104 271 1165 p.
306 1081 368 1145 289
398 1101 458 1162 sq.;
497 1083 702 1145 Sanclemeute
735 1083 754 1144 l.
781 1103 806 1145 c.
833 1105 861 1165 p.
892 1087 952 1146 417
988 1105 1047 1166 sq.;
1085 1085 1240 1166 Zumptius
1273 1105 1381 1148 comm.
1415 1089 1505 1169 epigr.

151 1186 221 1267 ap.
246 1189 283 1248 71
309 1189 374 1268 sq),
399 1188 457 1250 lam
479 1185 640 1247 videamus.
686 1185 742 1247 Sed
764 1186 860 1267 ipsum
895 1188 1068 1250 laterculum
1101 1197 1258 1268 antequam
1287 1190 1506 1270 aggrediamur,

150 1289 280 1369 primum
303 1289 548 1352 considerandum
579 1296 637 1360 est,
672 1307 760 1369 quern
795 1291 892 1353 locum
926 1290 956 1351 in
980 1290 1063 1370 Syria
1096 1291 1327 1354 adminIstrnnda
1359 1292 1507 1355 adiutores

151 1392 276 1472 Augusti
299 1401 442 1472 potestate
466 1411 554 1474 supra
576 1393 702 1471 legatum
725 1393 849 1474 praediti
871 1393 1030 1456 habuerint
1052 1393 1178 1475 Agrippa
1201 1403 1231 1457 et
1252 1396 1283 1458 C.
1301 1395 1414 1458 Caesar.

251 1495 288 1556 Μ.
303 1495 460 1577 Agrippam
488 1513 556 1556 cum
590 1504 705 1557 constet
731 1497 767 1558 ab
789 1517 814 1558 a.
830 1497 898 1559 iude
925 1497 987 1558 736
1020 1497 1056 1558 ad
1090 1495 1194 1559 mortis
1228 1517 1322 1578 usque
1355 1498 1416 1560 742
1450 1517 1507 1561 una

150 1617 217 1660 cum
232 1598 364 1678 Augusto
387 1616 520 1660 summae
542 1615 642 1659 rerum
664 1600 824 1678 praesulsae
848 1599 1002 1663 tribunicia
1025 1607 1169 1679 potestate
1191 1600 1283 1663 delata
1306 1601 1355 1662 illo
1377 1620 1455 1663 anno
1476 1603 1507 1664 in

151 1701 387 1780 quinquennium
423 1701 584 1780 iterataque
621 1719 646 1761 a.
669 1702 744 1776 741,
781 1722 869 1782 quem
906 1703 1004 1765 locum
1041 1709 1110 1764 ante
1144 1702 1226 1762 illum
1260 1721 1372 1765 annum
1406 1703 1437 1764 in
1474 1723 1506 1766 re

152 1803 267 1883 publica
297 1804 424 1865 tenuerit
449 1813 479 1865 et
501 1805 589 1865 etiam
613 1813 680 1883 post
701 1805 784 1866 illurn
806 1825 865 1886 quo
892 1806 955 1868 iure
983 1805 1199 1885 provinciarum
1222 1806 1507 1869 administrationem

151 1925 167 1968 a
190 1906 345 1969 tribunicia
366 1915 510 1987 potestate
533 1925 585 1986 per
612 1925 644 1968 se
671 1907 845 1970 disiunctum
873 1909 1045 1978 exercuerit,
1071 1907 1212 1970 traditum
1242 1927 1301 1969 non
1331 1909 1508 1989 accepimus.

151 2009 303 2071 Probabile
327 2019 424 2072 tamen
447 2018 493 2072 est
517 2010 553 2072 ab
581 2009 646 2090 ipso
675 2029 752 2072 auno
776 2010 852 2086 727,
882 2031 940 2092 quo
967 2031 1021 2092 per
1049 2009 1218 2072 consulatus
1249 2011 1324 2073 duos
1352 2012 1508 2074 contiuuos

151 2120 181 2174 et
202 2113 364 2174 censoriam
387 2121 562 2193 potestatem
585 2112 717 2192 Augusto
739 2113 893 2192 exaequari
915 2120 1036 2192 coeptus
1058 2121 1111 2186 est,
1140 2114 1377 2192 proconsularem
1406 2123 1507 2195 potes-

153 2222 241 2277 tatem
264 2215 304 2277 ita
326 2215 353 2276 ei
374 2215 549 2296 permissam
572 2233 644 2288 esse,
667 2223 701 2276 ut
723 2216 758 2276 ad
783 2215 953 2277 universum
977 2214 1134 2294 Imperium
1157 2234 1190 2275 ea
1213 2217 1386 2295 pervenIret‚
1411 2216 1508 2277 miuor

152 2326 250 2379 tamen
272 2327 350 2380 esset
371 2337 460 2399 quam
483 2317 578 2379 slmile
601 2318 648 2378 ius
670 2316 763 2398 ipsius
784 2317 980 2397 imperatoris.
1016 2316 1091 2378 Nam
1112 2317 1169 2378 boc
1191 2326 1221 2378 et
1244 2319 1296 2380 toti
1317 2319 1508 2399 reipublicae

152 2420 329 2482 ordinationi
352 2420 461 2502 optime
490 2419 625 2482 convenit
647 2419 687 2500 (v.
706 2419 878 2482 Stactsrecht
894 2419 933 2479 2²
949 2440 977 2500 p.
995 2420 1089 2494 1094)
1117 2427 1147 2480 et
1178 2439 1253 2499 quae
1287 2420 1322 2482 de
1353 2422 1442 2483 rebus
1472 2421 1509 2483 ab

151 2524 277 2604 Agrippa
297 2524 385 2602 gestis
408 2523 573 2596 traduntur,
596 2524 684 2585 modo
715 2523 851 2584 unirersa
879 2523 1059 2594 consideres,
1089 2521 1174 2582 aliam
1208 2522 1432 2602 explicationem
1460 2523 1508 2584 vix

151 2626 305 2708 recipiunt.
350 2626 435 2699 Quod
459 2626 560 2688 scribit
580 2626 722 2705 Iosephus
751 2644 818 2687 eum
848 2644 900 2705 per
927 2625 1027 2686 decem
1050 2642 1143 2685 anuos
1171 2643 1225 2704 pro
1248 2625 1354 2688 vicario
1377 2625 1508 2688 Caesaris

151 2748 199 2790 res
222 2729 351 2791 Orientis
374 2727 623 2790 administravisse
647 2729 709 2804 (15,
732 2729 780 2804 10,
801 2727 836 2788 2:
859 2729 1028 2810 πέμπεται
1052 2723 1089 2787 δὲ
1106 2721 1293 2808 Ἀγρίππας
1317 2728 1380 2790 τῶν
1402 2731 1509 2809 πέραν

147 2828 264 2894 Ἰονίου
286 2827 443 2910 διάδοχος
469 2833 623 2911 Καίσαρι.
653 2832 708 2905 lb,
733 2831 768 2904 3,
791 2831 829 2892 3:
861 2827 1032 2913 Ἀγρίππᾳ
1059 2851 1096 2906 γε
1125 2829 1189 2912 μὴν
1220 2825 1347 2894 ἀνιόντι
1376 2831 1424 2904 εἰς
1452 2831 1510 2913 τὴν

149 2929 274 3017 Ῥώμην
294 2931 376 3017 μετὰ
403 2932 461 3016 τὴν
489 2932 657 3015 διοίκησιν
682 2935 747 2996 τῶν
780 2931 837 2995 ἐπὶ
870 2934 926 3016 τῆς
954 2928 1069 3005 Ἀσίας
1101 2931 1236 3016 δεκαετῆ
1268 2935 1508 3016 γεγενημένην),

153 3037 306 3100 vicariatus
326 3046 404 3098 recte
419 3035 592 3098 conciliatur
613 3055 681 3097 cum
703 3035 827 3115 imperio
850 3035 898 3096 illo
921 3035 1134 3115 proconsulari;
1157 3055 1232 3115 quae
1246 3045 1345 3098 autem
1361 3037 1388 3098 ei
1403 3054 1507 3116 parum

154 3139 290 3201 convenit
310 3140 442 3202 locorum
465 3148 495 3201 et
517 3147 683 3219 temporum
707 3137 837 3200 definitio
858 3148 957 3219 aperte
980 3159 996 3199 a
1023 3138 1178 3219 peregrino
1204 3149 1324 3201 auctore
1345 3140 1381 3201 ad
1403 3159 1451 3200 res
1472 3139 1509 3201 ab

153 3243 279 3324 Agrippa
302 3251 397 3322 gestas
420 3241 511 3322 magis
532 3245 656 3304 formata
679 3250 724 3302 est
745 3260 833 3320 quam
857 3243 893 3304 ad
916 3241 962 3303 ius
977 3241 1119 3322 Agrippae
1142 3241 1330 3322 permissum,
1353 3260 1409 3303 nec
1430 3249 1509 3303 recte

154 3345 271 3407 defendi
293 3353 399 3426 potest.
442 3345 516 3406 Nam
546 3345 624 3424 quod
653 3344 793 3423 Iosephus
821 3352 920 3424 aperte
949 3344 1091 3423 significat
1120 3345 1146 3406 ei
1174 3346 1205 3407 in
1233 3346 1328 3407 solum
1358 3344 1508 3406 Orientem

156 3466 208 3526 per
230 3446 294 3508 illos
315 3465 408 3508 annos
431 3446 477 3508 ius
505 3446 613 3520 luisse,
640 3465 673 3508 ea
701 3446 813 3508 ratione
840 3447 976 3520 omniuo,
1004 3467 1061 3526 qua
1088 3450 1144 3510 sub
1172 3449 1289 3510 'liberio
1319 3447 1509 3510 Germanicus

155 3569 222 3611 cum
245 3549 367 3631 imperio
390 3549 591 3629 proconsulari
612 3548 743 3629 primurn
759 3547 858 3610 Galliis
881 3557 910 3610 et
925 3549 1087 3612 Germaniis
1109 3551 1243 3631 praescit,
1266 3550 1369 3612 delude
1390 3549 1511 3630 provin·

155 3652 206 3714 ciis
240 3663 321 3714 trans
355 3671 436 3714 mare
467 3652 582 3714 Ionium
611 3656 650 3727 (v.
668 3651 842 3714 Stnotsrecbt
864 3650 883 3710 2
903 3672 931 3732 p.
951 3652 1031 3714 1099
1060 3653 1124 3713 adn.
1148 3653 1198 3732 4),
1229 3652 1259 3714 id
1294 3653 1325 3714 iu
1351 3652 1509 3732 Agrippam

155 3775 215 3817 nou
237 3755 393 3817 couveuIre
415 3755 482 3816 iude
505 3754 659 3834 colligitur,
681 3755 760 3834 quod
782 3754 807 3814 is
830 3773 882 3833 per
896 3773 921 3816 a.
938 3754 1105 3816 733-737
1121 3755 1226 3834 partim
1246 3755 1277 3815 in
1298 3755 1381 3829 urbe,
1403 3756 1510 3835 partim

154 3859 186 3920 in
210 3858 308 3920 Galliis
331 3858 536 3938 Hispaniisque
558 3876 697 3937 praesens
724 3876 772 3918 res
799 3857 1022 3919 admiuIstravit.
1068 3856 1209 3919 Similiter
1231 3857 1373 3920 termiuos
1395 3857 1511 3937 imperii

155 3963 233 4023 illius
255 3979 322 4023 cum
345 3961 496 4042 Iosephus,
519 3979 697 4041 quamquam
719 3958 848 4022 reditum
864 3959 1007 4040 Agrippae
1029 3979 1065 4020 eu
1085 3959 1165 4021 Italia
1187 3960 1217 4020 iu
1234 3960 1384 4022 Orientem
1407 3980 1433 4021 a.
1450 3960 1511 4020 737

156 4064 278 4126 mluIme
293 4063 431 4143 ignoraus
447 4064 509 4140 (16,
526 4062 555 4136 2,
574 4065 614 4138 1),
636 4063 728 4125 nibilo
745 4063 843 4124 miuus
859 4070 958 4142 aperte
974 4062 1117 4142 significet
1132 4062 1342 4142 prosectionem
1359 4062 1511 4143 llytileuas

156 4188 181 4229 a.
198 4167 257 4229 731
282 4176 312 4229 et
337 4167 466 4228 reditum
489 4167 613 4228 Romam
644 4185 669 4228 a.
686 4166 758 4239 741,
781 4166 838 4226 hoc
859 4173 937 4227 certe
958 4165 1005 4226 ius
1027 4165 1169 4245 Agrippae
1196 4166 1297 4227 datum
1320 4165 1512 4227 nullomodo

158 4279 305 4332 mutatum
342 4278 403 4343 est,
439 4269 611 4348 videturque
647 4268 696 4329 hic
729 4287 846 4348 quoque
880 4276 982 4329 auctor
1025 4267 1115 4328 homo
1156 4267 1341 4348 provinciabs
1382 4267 1512 4347 prImum

156 4374 314 4435 adventum
328 4371 472 4452 Agrippae
494 4371 525 4432 iu
542 4371 692 4433 Orientem
716 4379 746 4433 et
768 4379 951 4451 postremum
974 4369 1103 4431 reditum
1125 4371 1292 4432 conludIsse
1315 4389 1383 4430 cum
1405 4369 1513 4432 finibus

156 4476 229 4538 iuris
251 4475 278 4536 ei
300 4474 460 4536 commissi.
504 4474 605 4554 Itaque
628 4492 696 4536 cum
719 4472 902 4552 aliquatenus
924 4472 993 4534 iude
1020 4473 1227 4547 confirmetur,
1256 4473 1335 4552 quod
1365 4481 1513 4552 praeterea

158 4577 379 4641 confirmatione
401 4594 461 4637 nou
483 4585 558 4656 eget,
580 4576 627 4638 ius
648 4575 909 4638 entraordiuarium
933 4575 965 4636 in
987 4575 1150 4655 provincias
1165 4575 1306 4655 Agrippae
1329 4593 1513 4650 concessum,

157 4681 245 4743 idad
267 4689 381 4741 certum
404 4687 521 4759 tempus
544 4689 658 4742 certare
679 4679 741 4740 loca
763 4678 905 4759 Iosephus
927 4687 961 4740 ut
982 4678 1160 4758 restringere
1175 4677 1302 4739 voluisse
1316 4677 1440 4752 videtur,
1463 4678 1512 4752 ita,

159 4783 183 4845 si
205 4781 306 4855 voluit,
329 4781 444 4843 erravit.
467 4815 509 4827 --
531 4783 642 4845 Eodem
664 4782 790 4845 redeunt
811 4783 900 4844 relata
922 4781 953 4843 iu
975 4781 1129 4844 annalibus
1144 4783 1195 4863 qui
1210 4789 1372 4862 supersunt
1387 4781 1513 4844 manime

1301 4879 1356 4936 11·
