3656 5434
345 369 407 432 162
829 355 1213 422 esmercnovmmn

442 543 478 604 ll.
512 541 540 602 ls
567 540 602 601 de
628 559 687 618 quo
709 539 806 618 agitur
826 547 894 618 post
916 537 1065 599 victoriam
1089 537 1125 598 de
1146 556 1203 616 qua
1227 536 1355 598 diximus
1376 536 1541 616 imperante
1563 536 1696 615 Augusto

342 647 378 709 ad
401 644 641 727 proconsulatum
665 642 749 704 Asiae
770 640 913 721 pervenit.
955 639 1088 719 Namque
1109 640 1237 701 honores
1260 640 1299 701 ita
1321 639 1351 699 in
1375 639 1461 700 titulo
1483 639 1639 711 recenseri,
1663 651 1697 700 ut

342 769 358 812 a
381 749 545 811 minoribus
566 745 742 828 procedatur
757 744 792 806 ad
808 743 942 816 maiores,
965 760 1023 803 non
1040 742 1185 803 contrario
1201 741 1314 815 ordine,
1337 750 1371 804 ut
1385 742 1481 803 visum
1497 751 1543 804 est
1559 741 1696 821 Zumptio

342 852 463 932 (comm.
479 851 628 931 epigrapb.
645 847 664 908 2
680 867 708 928 p.
727 845 810 924 110),
832 845 902 906 iude
924 843 1058 918 efficitur,
1082 845 1160 924 quod
1183 855 1314 906 extremo
1336 846 1400 906 loco
1423 845 1536 925 positus
1559 863 1697 906 summus
1792 895 1793 900 ,

342 965 388 1018 est
419 965 449 1017 et
481 973 549 1016 uere
582 952 705 1023 unicus,
744 960 779 1011 ut
817 957 885 1028 post
923 946 995 1008 alios
1025 946 1147 1007 minime
1184 965 1266 1008 raros
1307 948 1421 1009 delatus
1452 966 1517 1009 esse
1549 947 1697 1020 videatur3

341 1068 490 1140 praeterea
523 1074 627 1136 parum
661 1052 797 1116 convenit
829 1052 901 1112 ordo
935 1050 1069 1111 inversus
1102 1049 1203 1128 elogio,
1241 1051 1320 1129 quod
1358 1051 1393 1111 ad
1420 1050 1585 1130 exemplum
1608 1049 1697 1110 Plau-

342 1161 413 1223 tiani
436 1159 536 1237 (Orell.
561 1158 633 1234 750)
657 1177 673 1218 a
695 1154 774 1217 tituli
795 1157 889 1215 forma
912 1153 948 1214 ad
970 1171 1071 1214 rerum
1093 1161 1241 1231 gestarum
1264 1153 1462 1215 narrationem
1487 1153 1622 1214 dellectit.

440 1263 489 1324 lll.
516 1262 544 1322 ls
561 1261 595 1322 de
611 1279 670 1340 quo
685 1258 781 1338 agitur
793 1256 906 1337 Syriam
922 1265 952 1317 et
966 1255 1152 1316 coniunctam
1169 1274 1235 1316 cum
1249 1274 1281 1316 ea
1293 1255 1328 1317 ad
1341 1257 1480 1318 Severum
1493 1275 1587 1335 usque
1599 1255 1696 1315 Phoe-

340 1367 427 1428 nicen
448 1365 611 1446 imperante
633 1363 764 1441 Augusto
786 1360 831 1420 bis
853 1357 1076 1432 administravit,
1109 1357 1238 1437 primum
1272 1368 1427 1437 antequam
1451 1358 1548 1420 Asiam
1572 1357 1694 1419 sortire·

341 1479 399 1541 tur,
423 1468 530 1529 iterum
553 1477 620 1545 post
641 1464 726 1526 Asiae
748 1461 997 1542 proconsulatum.
1035 1459 1117 1534 Nam,
1141 1459 1217 1522 sicut
1240 1469 1317 1522 recte
1340 1461 1441 1523 docuit
1462 1461 1695 1524 Sanclementius

342 1573 390 1648 (de
412 1569 539 1649 vulgaris
561 1587 644 1630 aerae
666 1566 781 1628 emend.
798 1585 826 1646 p.
843 1563 928 1644 424),
950 1563 1114 1626 iterationis
1136 1564 1313 1643 praedicatio
1333 1565 1362 1626 in
1378 1563 1595 1645 provinciarum
1610 1583 1696 1644 prae-

343 1673 421 1734 sides
444 1681 508 1733 tum
531 1679 645 1733 tantum
669 1669 760 1743 cadit,
788 1687 854 1730 cum
885 1667 986 1728 eadem
1009 1666 1157 1746 provincia
1185 1667 1346 1728 abeodem
1369 1667 1490 1728 homine
1512 1667 1621 1747 pluries
1642 1667 1695 1728 ad-

342 1775 507 1837 ministrata
534 1781 587 1834 est.
632 1773 675 1834 lta
697 1772 730 1832 T.
746 1770 852 1851 Eprius
875 1769 1027 1830 Marcellus
1056 1768 1163 1830 dicitur
1188 1768 1280 1830 luisse
1304 1787 1413 1848 procos.
1436 1772 1517 1832 Asine
1532 1769 1579 1830 111
1600 1771 1643 1846 (C.
1658 1771 1694 1842 ll,

341 1875 608 1940 3853=llenzen
632 1873 743 1952 5425),
766 1874 805 1934 ita
828 1872 861 1932 P.
877 1871 1005 1950 Paquius
1028 1872 1134 1932 Scaeva
1157 1870 1286 1950 primum
1306 1889 1361 1951 pro
1383 1871 1497 1934 cmuule
1516 1877 1694 1951 prouinciam
1793 1949 1794 1968 Χ

346 1980 473 2060 Cyprum
496 1981 623 2058 optinuit,
646 1976 750 2037 deinde
769 1993 823 2055 pro
846 1993 900 2036 cos.
923 1979 1024 2036 iterum
1047 1985 1133 2035 entra
1154 1985 1257 2035 sortem
1280 1979 1449 2037 auctoritate
1470 1977 1540 2056 Aug.
1565 1974 1696 2037 Ceesnn’s

342 2095 369 2146 ct
390 2104 413 2144 s.
430 2103 452 2144 c.
468 2086 569 2144 missus
584 2091 624 2142 est
646 2081 684 2141 ed
707 2079 931 2158 componendum
953 2087 1058 2138 statum
1080 2080 1111 2136 iu
1131 2077 1274 2156 reliquum
1291 2081 1458 2156 prouinciae
1476 2077 1566 2158 Cypri
1585 2079 1629 2158 (C.
1646 2079 1694 2150 lll,

340 2185 606 2247 2845=llenzen
629 2181 742 2260 6450);
774 2181 814 2241 ita
841 2179 873 2240 L.
891 2180 998 2241 Marius
1021 2179 1166 2240 Maximus
1195 2179 1247 2258 qui
1281 2180 1420 2241 scribitur
1452 2182 1543 2243 luisse
1572 2201 1694 2264 procem

340 2290 387 2350 uel
404 2291 535 2369 meviae.
556 2287 638 2348 Au‘ae
659 2289 773 2356 itonam,
801 2283 958 2363 proconsul
980 2285 1146 2362 munincide
1161 2283 1281 2360 ,Africae
1302 2283 1346 2362 (C.
1362 2283 1408 2356 Vl,
1427 2285 1517 2346 1452.
1545 2285 1580 2358 ll,
1597 2287 1694 2366 6764)

339 2391 440 2452 Asiam
462 2409 516 2470 per
538 2389 611 2450 duos
634 2404 727 2448 annos
749 2384 877 2447 obtinuit
899 2405 935 2445 ex
956 2383 1108 2445 consulatu
1132 2382 1239 2462 priore,
1267 2403 1300 2445 ex
1324 2387 1485 2464 posteriore
1508 2407 1692 2468 perannum

338 2513 431 2556 unum
461 2493 586 2554 Africam
617 2489 826 2570 (Waddington
854 2489 943 2567 fustes
972 2487 1020 2548 des
1044 2489 1193 2565 prooibces
1221 2486 1378 2567 Aa'utiques
1406 2508 1434 2568 p.
1452 2491 1511 2550 741
1541 2490 1586 2552 ed.
1602 2491 1693 2569 mai).

339 2595 433 2658 lluius
460 2595 575 2675 generis
601 2592 771 2654 iterationes
798 2607 866 2650 cum
900 2590 929 2649 in
962 2588 1189 2668 proconsulibus
1218 2588 1326 2668 passim
1355 2590 1542 2654 inveniantur
1569 2593 1694 2674 (Siam-

336 2699 413 2760 reebt
435 2697 474 2758 2²
497 2718 526 2778 p.
543 2696 627 2776 246),
649 2697 758 2776 quippe
779 2711 907 2772 quorum
931 2691 1058 2753 osticium
1083 2692 1145 2770 lege
1167 2709 1298 2752 annuum
1323 2692 1453 2768 (bioca,
1472 2694 1522 2770 13)
1545 2714 1606 2757 non
1627 2715 1693 2758 raro
1794 2777 1795 2782 ἵ

337 2808 405 2880 post
430 2819 540 2862 annum
566 2800 698 2880 elapsum
728 2797 951 2859 continuaretur
976 2797 1021 2858 vel
1045 2795 1144 2875 potius
1177 2795 1273 2855 denuo
1306 2797 1502 2870 conferretur,
1533 2798 1563 2858 in
1592 2799 1693 2878 legatis

336 2903 471 2982 Augusti,
493 2921 621 2982 quorum
644 2910 773 2982 potestas
795 2900 876 2962 nullo
905 2908 985 2961 certo
1012 2908 1144 2979 tempore
1174 2896 1311 2958 conclusa
1344 2909 1430 2972 esset,
1459 2901 1557 2962 locum
1586 2901 1693 2962 habere

336 3023 395 3066 non
426 3006 523 3085 potuit
544 3003 602 3066 nisi
623 3004 678 3077 ita,
706 3011 739 3065 ut
761 3013 828 3083 post
850 3003 1013 3064 discessum
1043 3021 1078 3062 ex
1109 2998 1258 3080 provincia
1284 2999 1362 3061 idem
1389 3002 1420 3062 in
1450 3002 1572 3064 eandem
1595 3003 1693 3065 denuo

337 3106 513 3168 mitteretur.
550 3106 701 3168 Eiusmodi
724 3124 792 3167 vero
815 3106 967 3184 legationis
988 3103 1104 3166 iteratio
1126 3122 1161 3164 eo
1184 3102 1405 3182 impediebatur,
1433 3107 1511 3185 quod
1534 3106 1693 3186 legationes

337 3227 404 3270 cum
429 3208 596 3288 dignatione
618 3209 695 3270 inter
717 3228 748 3270 se
778 3207 930 3269 dillerrent
957 3207 1118 3286 ordineque
1147 3205 1286 3266 continuo
1308 3225 1324 3266 a
1348 3207 1460 3268 minore
1487 3208 1522 3269 ad
1551 3207 1692 3269 maiorem

337 3310 580 3385 adscenderetur,
604 3311 629 3372 is
652 3313 723 3374 ordo
746 3312 919 3374 turbabatur
941 3311 1033 3390 legato
1056 3318 1124 3390 post
1146 3309 1217 3370 alios
1239 3308 1367 3370 honores
1389 3319 1541 3390 susceptos
1567 3311 1692 3372 remisso

336 3412 372 3473 ad
395 3412 464 3473 olim
487 3413 720 3477 administratam
743 3414 923 3494 provinciam
946 3413 1052 3474 iterum
1075 3410 1345 3474 administrandam.
1391 3412 1448 3474 Sed
1476 3413 1504 3474 id
1532 3432 1592 3475 non
1615 3414 1693 3475 cadit

336 3513 366 3574 in
394 3514 568 3594 legationem
599 3515 792 3596 legationesve
820 3515 963 3577 maximae
990 3513 1183 3594 dignationis;
1210 3531 1277 3574 uam
1306 3514 1383 3576 sicut
1414 3515 1465 3596 qui
1495 3517 1598 3578 consul
1625 3516 1692 3590 tuit,

335 3636 395 3678 non
420 3625 518 3697 potest
541 3619 653 3698 regredi
668 3618 703 3679 ad
719 3628 896 3699 praeturam,
919 3624 1017 3696 potest
1031 3616 1138 3677 iterum
1155 3615 1339 3677 consulatum
1357 3636 1465 3696 gerere,
1488 3619 1576 3680 etiam
1592 3621 1641 3700 qui
1657 3621 1692 3682 ad

335 3738 486 3782 summum
520 3720 642 3782 honoris
676 3721 797 3800 gradum
831 3720 861 3781 iu
895 3718 1053 3800 provinciis
1076 3717 1315 3780 administrandis
1338 3721 1532 3802 pervenisset,
1559 3723 1691 3784 eiusdem

335 3821 485 3900 dignitatis
505 3821 699 3902 legationibus
727 3821 791 3883 aliis
817 3821 900 3900 iungi
930 3821 1034 3901 potuit.
1078 3820 1121 3882 lta
1151 3829 1310 3901 utrumque
1337 3833 1415 3885 recte
1442 3824 1634 3905 explicabitur
1662 3835 1693 3888 et

335 3923 385 4002 qui
408 3923 539 3986 eiusdem
563 3924 729 4005 provinciae
751 3924 925 4004 legationem
948 3924 1068 3997 iterarit,
1091 3923 1121 3983 in
1145 3921 1238 3984 titulis
1260 3933 1374 4004 praeter
1395 3927 1475 3989 bunc
1497 3929 1575 4008 quod
1599 3929 1690 3990 sciam

335 4026 492 4087 memorari
515 4027 627 4088 nullum
637 4027 662 4106 ¹)
684 4037 713 4088 et
735 4027 909 4107 legationem
926 4027 1057 4087 iteratam
1080 4025 1165 4104 elogii
1187 4025 1333 4088 Tiburtini
1356 4029 1500 4108 pertinere
1523 4031 1559 4092 ad
1576 4031 1691 4112 Syriam

334 4128 511 4208 provinciam
543 4129 676 4190 omnium
704 4129 873 4209 primariam
896 4129 1026 4208 (Tacitus
1048 4127 1142 4208 Agris.
1160 4129 1215 4201 40;
1243 4128 1381 4210 Borghesi
1410 4131 1529 4193 Burbul.
1546 4151 1575 4212 p.
1592 4133 1632 4195 58
1648 4160 1693 4188 =

334 4249 401 4310 opp.
418 4233 450 4304 4,
475 4231 557 4310 159).
602 4231 800 4293 Confirmatur
820 4231 859 4294 ita
882 4233 961 4311 quod
984 4251 1070 4312 supra
1094 4230 1153 4292 dixi
1168 4230 1296 4293 bonores
1312 4235 1479 4296 enumerari
1494 4235 1597 4296 ordine
1613 4245 1691 4297 tem-

333 4333 414 4413 poris
437 4343 467 4396 et
488 4334 665 4414 singularem
688 4333 773 4416 plane
795 4335 946 4415 legationis
963 4334 1097 4416 Syriacae
1118 4333 1237 4395 iteratae
1260 4334 1329 4396 item
1346 4336 1436 4398 videri
1451 4337 1542 4400 luisse
1557 4348 1690 4420 tempore

334 4445 527 4515 postremum.

433 4538 479 4599 Ν.
513 4538 541 4600 ls
564 4539 599 4601 de
621 4559 681 4620 quo
703 4540 799 4619 agitur
821 4541 954 4620 Augusto
978 4547 1127 4621 superstes
1150 4537 1224 4601 obiit
1246 4549 1315 4621 post
1336 4560 1362 4602 a.
1379 4561 1408 4603 u.
1424 4561 1450 4603 c.
1468 4543 1539 4604 767.

333 4667 546 4678 ——.—

433 4747 452 4810 ¹)
472 4747 509 4798 lle
529 4747 614 4798 titulis
633 4748 675 4814 qni
693 4749 815 4800 uidentur
833 4747 946 4811 obstare,
964 4747 1061 4812 egimus
1080 4749 1105 4800 ia
1124 4749 1264 4800 corollario
1282 4749 1359 4800 buius
1378 4750 1561 4802 commentarii.
