3656 5444
303 370 345 434 60
897 366 951 434 111,
969 367 1052 420 r-er

302 547 470 610 sestertium
499 546 657 608 sescenties
684 547 897 626 (60‚000,000)
934 549 964 610 in
993 546 1152 608 triennium
1188 554 1323 608 mutuum
1359 545 1440 607 dedit
1469 545 1532 607 sine
1564 565 1653 608 usura

301 659 376 713 teste
399 651 509 712 Zonara
533 651 596 726 (10,
612 650 666 712 36:
690 648 799 728 χιλίας
826 650 881 712 καὶ
908 653 1126 723 πεντακοσίας
1148 646 1312 732 μυριάδας
1340 646 1494 732 δραχμῶν
1516 642 1653 723 ἀτόκους

301 763 370 827 τοῖς
398 751 568 836 δεομένοις
598 750 753 827 δανείσας
781 751 841 815 ἐπ’
869 751 924 836 ἔτη
951 756 1026 836 τρία
1054 753 1208 836 ἐπῃνεῖτο
1239 752 1330 836 παρά
1359 751 1514 828 πάντων).
1558 753 1653 816 Plebis

303 858 453 920 Romanae
475 857 535 918 sire
558 857 686 918 urbanae
708 876 775 919 cum
798 876 824 918 a.
841 858 902 920 749
925 869 1118 920 numerentur
1139 857 1219 920 milia
1241 877 1329 920 cccxx
1351 861 1432 938 (nam
1455 877 1561 920 cccxxx
1575 857 1652 938 quod

300 963 446 1042 interpres
469 960 549 1022 dedit
570 960 634 1022 sine
657 959 746 1023 dubio
768 971 896 1023 erratum
920 961 987 1042 est),
1010 962 1139 1043 quinque
1161 961 1348 1025 liberalitates
1370 961 1406 1023 ab
1421 981 1446 1022 a.
1463 961 1525 1022 719
1540 961 1576 1023 ad
1592 960 1653 1022 742

301 1065 408 1128 divisae
436 1065 573 1127 dicuntur
595 1082 757 1144 numquam
780 1065 948 1144 pervenisse
969 1065 1004 1128 ad
1027 1066 1161 1128 homines
1183 1066 1282 1128 miuus
1304 1085 1356 1127 oce
1379 1064 1472 1138 milia,
1499 1073 1532 1127 ut
1553 1074 1653 1146 postea

301 1171 383 1233 datae
404 1169 571 1250 pervenisse
589 1168 744 1230 videantur
764 1167 799 1230 ad
817 1187 974 1230 numerum
991 1169 1138 1250 aliquanto
1153 1169 1293 1232 maiorem
1310 1179 1340 1232 et
1353 1169 1436 1250 plebs
1451 1169 1488 1230 ab
1502 1188 1529 1231 a.
1542 1169 1602 1230 719
1617 1168 1652 1229 ad

301 1294 326 1337 a.
340 1274 402 1336 749
424 1272 574 1355 paullatim
597 1291 612 1333 a
636 1273 749 1334 minore
772 1273 827 1335 boc
848 1291 973 1334 numero
988 1274 1024 1335 ad
1040 1273 1181 1336 maiorem
1196 1274 1278 1335 illum
1295 1271 1483 1335 succrevisse.
1514 1271 1651 1334 llltimam

300 1388 397 1440 autem
421 1376 604 1458 largitionem
627 1394 680 1437 cur
707 1394 767 1437 non
793 1375 925 1456 ceperint
954 1375 1010 1438 nisi
1033 1377 1188 1439 bominum
1210 1377 1288 1438 milia
1311 1376 1407 1458 paullo
1429 1376 1497 1457 plus
1519 1375 1650 1448 ducenta,

300 1481 367 1544 inde
394 1481 556 1562 explicatur
582 1479 660 1560 quod
689 1479 785 1560 paullo
807 1487 875 1540 ante
894 1478 1044 1560 Augustus
1070 1481 1184 1562 plebem
1207 1481 1305 1543 denuo
1326 1489 1513 1542 recensuerat
1534 1489 1649 1542 etcum

300 1595 384 1647 antea
406 1583 512 1666 plebeii
534 1583 644 1645 ordinis
667 1582 779 1644 civibus
802 1582 939 1644 omnibus
962 1585 992 1645 in
1015 1584 1088 1646 urbe
1110 1583 1283 1665 degentibus
1304 1583 1335 1645 in
1358 1586 1540 1646 trumentum
1556 1583 1650 1666 publi·

301 1709 368 1751 oum
391 1689 438 1750 ius
460 1689 547 1761 ess'et,
570 1686 774 1769 accipientium
796 1704 953 1748 numerum
977 1687 1013 1749 ad
1034 1689 1114 1750 hunc
1133 1687 1285 1770 redegerat
1300 1695 1373 1750 teste
1388 1687 1480 1750 Ilione
1495 1689 1650 1769 epitomate

302 1794 469 1867 55,19,1;
491 1788 509 1855 ὁ
532 1788 570 1853 δὲ
596 1787 787 1867 Αὔγουστος
808 1789 845 1851 τὸ
868 1789 926 1853 τοῦ
948 1783 1054 1872 δῆμον
1076 1791 1134 1854 τοῦ
1157 1789 1431 1872 σιτοδοτοομένου
1452 1789 1586 1876 πλῆθος
1614 1787 1651 1853 ὂν

301 1895 334 1970 ἐς
356 1897 460 1958 εἴκοσι
484 1890 648 1978 μυριάδας
670 1891 857 1956 κατέκλεισε
878 1893 928 1972 (cl.
952 1895 1111 1957 Suetonius
1133 1895 1206 1976 Aug.
1229 1894 1292 1974 40).
1329 1894 1361 1955 ld
1384 1912 1451 1956 cum
1474 1893 1505 1956 in
1527 1895 1649 1976 epitoma

304 1999 510 2081 interpositum
534 1999 573 2060 sit
594 1997 673 2059 inter
693 2015 741 2060 res
763 2016 788 2058 a.
806 1996 867 2059 748
889 2007 919 2059 et
935 1997 1004 2073 752,
1028 1999 1132 2062 collato
1146 2000 1203 2061 boc
1216 2001 1311 2079 capite
1326 1997 1529 2061 commentarii
1542 2001 1649 2061 lactum

302 2123 367 2166 esse
387 2102 567 2182 intellegitur
588 2102 665 2163 inter
686 2099 852 2181 largitiones
875 2101 948 2164 duas
969 2122 995 2164 a.
1012 2104 1073 2166 749
1096 2113 1126 2166 et
1149 2102 1209 2164 752
1231 2103 1404 2183 videturque
1426 2121 1495 2164 cum
1517 2102 1579 2185 ipsa
1598 2103 1651 2164 hae

301 2204 518 2288 quodammodo
532 2203 723 2268 coniunctum
740 2203 840 2278 luisse,
863 2223 930 2266 cum
946 2206 1023 2287 apud
1038 2205 1161 2268 Dionem
1177 2206 1366 2287 congiarium,
1388 2207 1466 2288 quod
1480 2224 1541 2269 non
1556 2215 1650 2289 potest

304 2330 370 2373 esse
391 2310 448 2372 nisi
471 2308 541 2370 anni
557 2309 627 2382 752,
644 2307 742 2370 statim
759 2305 959 2388 subiungatur.
982 2345 1024 2354 -
1046 2311 1201 2372 Summam
1216 2309 1432 2390 quodammodo
1448 2309 1550 2391 capitis
1565 2310 1650 2373 huius

301 2413 415 2477 rettulit
427 2413 586 2476 Suetonius
599 2412 683 2493 (Aug.
696 2412 749 2490 41)
763 2411 816 2473 ita:
833 2416 977 2492 cmtpion'o
989 2414 1094 2494 populo
1108 2415 1272 2494 [repuertter
1286 2415 1370 2486 dedit,
1385 2415 1434 2477 sed
1449 2415 1578 2478 dioneae
1591 2416 1651 2496 [erc

300 2535 436 2589 summae,
458 2517 541 2579 ruodo
563 2517 777 2598 prodrinpenes,
801 2516 885 2578 modo
908 2527 1041 2589 trecenos,
1063 2535 1277 2601 nonnumquam
1292 2519 1412 2581 dumnoc
1427 2522 1649 2600 ρααιραορταοο-

301 2641 354 2704 que
388 2621 493 2696 (immo
526 2621 786 2702 quadragenosque)
819 2637 958 2683 nummos.
1018 2621 1264 2704 Chronographus
1296 2641 1322 2683 a.
1345 2620 1407 2683 354
1442 2639 1510 2683 cum
1544 2621 1585 2684 ait
1616 2622 1650 2683 de

300 2726 432 2805 dugusto
448 2725 490 2806 (p.
507 2724 568 2787 646
583 2724 628 2785 ed.
644 2725 753 2798 meaelz
776 2727 954 2805 congiarium
973 2724 1049 2787 dedit
1069 2735 1112 2787 ter
1126 2745 1147 2786 u
1158 2745 1293 2800 croesus,
1316 2733 1375 2788 tam
1391 2724 1422 2788 in
1437 2724 1649 2806 congiariorum

302 2848 427 2892 numero
449 2837 528 2890 errat
558 2846 646 2908 quam
669 2827 699 2889 in
727 2845 857 2903 summm
885 2846 954 2889 nam
984 2847 1019 2890 ex
1047 2837 1113 2892 octo
1139 2828 1370 2902 liberalitatibus,
1392 2828 1482 2909 'quas
1500 2838 1652 2892 enumerat

300 2934 362 3015 ipse
385 2933 544 3013 Augustus,
568 2931 657 2994 missa
681 2930 898 2995 testamentaria
920 2941 950 2994 et
969 2932 1160 2995 frumentaria
1175 2943 1204 2995 et
1219 2932 1337 2995 militari
1355 2934 1555 2995 numerandae
1569 2944 1652 2996 erant

300 3037 446 3118 quinque,
475 3054 599 3118 quarum
630 3054 746 3098 summa
774 3034 861 3097 fiebat
880 3053 1080 3096 ras-nocuum
1102 3035 1162 3098 sive
1182 3055 1204 3097 n
1222 3053 1335 3098 ccccxx.
1379 3036 1501 3099 Videtur
1521 3035 1652 3099 laterculi

302 3151 405 3203 auctor
418 3159 589 3202 numerasse
605 3141 660 3202 tria
675 3139 820 3219 congiaria
835 3137 1004 3201 sestertium
1020 3139 1297 3220 quadringenorum,
1312 3159 1347 3202 ex
1359 3140 1473 3203 duobus
1484 3139 1650 3204 sestertium

302 3246 483 3307 ducenorum
499 3253 530 3306 et
544 3243 796 3324 quadragenorum
813 3240 938 3304 alterum
955 3241 1097 3315 omisisse,
1114 3242 1238 3306 alterum
1254 3262 1322 3305 cum
1338 3243 1479 3308 Suetonio
1493 3242 1651 3306 credidisse

302 3348 468 3411 sestertium
491 3347 673 3411 ducenorum
695 3357 726 3410 et
747 3347 1028 3428 quinquagenorum.

402 3450 499 3512 Prima
531 3451 647 3531 largitio
679 3450 829 3533 pertinens
861 3449 897 3511 ad
925 3468 951 3511 a,
968 3450 1028 3512 710
1057 3468 1143 3532 saepe
1177 3460 1358 3513 memoratur
1387 3451 1465 3532 apud
1496 3450 1651 3532 scriptores

301 3554 539 3636 (8οο1οο.9οεε.
561 3552 616 3628 83;
645 3553 793 3617 Plutarch.
816 3553 923 3614 Anton.
942 3553 990 3616 16.
1011 3553 1094 3617 Brut.
1111 3554 1166 3630 20;
1193 3553 1316 3635 dppian.
1333 3552 1362 3628 2,
1386 3553 1473 3633 143),
1503 3553 1555 3634 qui
1583 3571 1651 3614 cum

301 3665 449 3740 praeterea
470 3656 557 3719 etiam
580 3657 611 3718 in
635 3676 749 3720 summa
773 3676 840 3720 cum
856 3656 1068 3719 commentario
1083 3654 1277 3730 consentiant,
1297 3655 1377 3718 solus
1392 3655 1445 3718 Dio
1461 3655 1511 3730 44,
1527 3654 1567 3717 35
1583 3673 1650 3717 cum

302 3759 415 3822 adsecla
437 3757 549 3821 Zonara
574 3759 621 3834 10,
640 3760 679 3821 12
706 3768 735 3823 et
763 3761 838 3823 banc
861 3777 1007 3822 summam
1030 3759 1114 3840 ponit
1134 3769 1163 3822 et
1185 3769 1303 3822 auctore
1325 3759 1413 3822 citato
1435 3759 1498 3841 ipso
1521 3759 1652 3839 Augusto

301 3863 422 3927 alteram
446 3862 647 3926 sestertiorum
671 3883 724 3926 cxx
747 3867 796 3942 (cl.
812 3863 964 3926 llrumann
989 3864 1116 3942 1,101).

402 3965 602 4030 liberalitates
632 3967 757 4030 secunda
786 3976 816 4029 et
842 3966 965 4049 septima
995 3969 1140 4048 protectae
1167 3985 1202 4029 ex
1232 3966 1376 4029 bellorum
1406 3966 1542 4030 manibiis
1572 3967 1653 4038 datae

301 4079 372 4134 sunt
403 4080 471 4152 post
503 4071 688 4154 triumphum
722 4071 891 4134 triduanum
919 4090 945 4132 a.
968 4071 1038 4132 725.
1083 4070 1157 4134 Rem
1185 4072 1340 4134 confirmat
1367 4071 1422 4133 llio
1444 4073 1494 4146 51,
1510 4070 1565 4134 21:
1597 4069 1652 4134 καὶ

300 4183 370 4248 τοῖς
386 4169 601 4257 στρατιώταις
616 4171 718 4237 ἔδωκέ
733 4194 821 4250 τινα,
844 4173 888 4257 τῷ
902 4197 936 4236 τε
952 4169 1046 4257 δήμῳ
1068 4174 1151 4236 καθ’
1167 4171 1282 4238 ἑκατὸν
1297 4171 1458 4258 δραχμάς,
1482 4175 1655 4256 προτέροις

300 4277 362 4361 μὲν
383 4287 452 4352 τοῖς
474 4276 507 4353 ἐς
529 4275 650 4362 ἄνδρας
672 4276 835 4352 τελοῦσιν,
859 4275 976 4340 ἔπειτα
991 4275 1029 4340 δὲ
1043 4277 1099 4340 καὶ
1114 4287 1185 4352 τοῖς
1199 4277 1300 4340 παισὶ
1316 4276 1376 4341 διὰ
1389 4278 1446 4343 τὸν
1460 4273 1656 4359 Μάρκελλον

300 4381 358 4446 τὸν
379 4377 597 4466 ἀδελφιδοῦν,
620 4381 793 4464 διένειμεν.
831 4382 933 4445 Paullo
954 4390 1021 4444 ante
1036 4382 1099 4461 (51,
1118 4384 1169 4456 17)
1188 4383 1341 4445 rettulerat
1356 4382 1497 4445 militibus
1519 4383 1653 4463 quicum

301 4486 424 4548 Caesare
446 4495 585 4548 venerant
599 4486 809 4548 Alexandream
832 4495 986 4549 numerata
1008 4505 1073 4548 esse
1095 4485 1175 4548 milia
1196 4504 1353 4549 nummum
1376 4486 1489 4567 singula
1505 4495 1654 4566 tamquam

301 4589 333 4651 in
355 4587 496 4652 solacium
520 4590 602 4653 urbis
624 4609 684 4652 non
708 4589 829 4652 traditae
852 4589 1039 4672 diripiendae.
1083 4589 1124 4652 lle
1146 4609 1271 4653 numero
1294 4589 1420 4653 militum
1444 4609 1469 4650 v.
1492 4589 1528 4650 ad
1551 4588 1580 4663 3,
1603 4587 1653 4648 22.

403 4691 535 4755 Tertium
566 4692 677 4756 donum
704 4694 735 4755 in
763 4693 916 4756 consulatu
945 4693 1058 4756 decimo
1086 4713 1112 4756 a.
1135 4693 1197 4756 739
1225 4695 1304 4759 dedit
1330 4694 1481 4775 Augustus
1510 4701 1578 4775 post
1604 4691 1655 4754 de·

300 4793 392 4860 victos
415 4795 575 4860 Cantabros
598 4797 722 4862 Romam
745 4798 870 4862 rediens.
914 4797 955 4861 De
978 4817 1012 4860 eo
1033 4797 1086 4862 Dio
1102 4798 1152 4876 53,
1168 4797 1209 4862 28
1232 4797 1275 4861 sic
1297 4797 1386 4862 tradit
1400 4797 1566 4878 Augustum
1590 4804 1654 4860 tum
