3656 5434
298 360 360 425 182
697 355 747 410 Du
765 353 991 410 Iunnuuuoun
1012 355 1255 413 uuufflouvu

296 537 419 599 minatio
448 544 526 598 recte
554 535 656 597 abesse
678 544 806 615 nequeat
834 554 930 615 neque
951 535 997 597 bis
1024 535 1171 616 pluriesve
1193 539 1376 617 praefectura
1398 537 1495 618 aliqua
1517 539 1653 599 iunctum

295 643 508 723 praefecturam
531 639 617 701 liceat
638 638 733 700 dicere
755 639 885 700 iterasse.
929 638 1094 719 Adsumpta
1117 639 1362 703 determinatione
1382 642 1525 721 praefecti
1536 642 1656 721 februm

296 744 436 817 officium,
460 743 484 805 si
507 741 624 823 quidem
649 752 695 802 est
716 742 856 817 officium,
880 742 1065 805 iterationem
1089 761 1174 823 saepe
1197 743 1377 824 adscriptum
1406 743 1504 805 habet.
1548 744 1655 807 Contra

296 855 341 908 est
362 847 392 908 in
415 849 561 927 praelecto
577 843 706 906 cohortis
728 845 942 926 similibusque,
967 854 1058 907 utne
1080 845 1105 906 is
1127 845 1257 925 quidem,
1286 846 1337 926 qui
1362 848 1449 908 aliam
1476 854 1545 928 post
1569 846 1653 908 aliam

296 951 446 1012 cohortem
475 948 563 1023 rexit,
594 948 707 1010 dicetur
732 950 898 1029 praefectos
920 948 1041 1011 cohortis
1062 949 1118 1021 bis,
1141 949 1192 1010 sed
1215 949 1381 1011 cohortium
1403 950 1522 1012 nomina
1544 950 1655 1012 adscri-

295 1053 405 1115 bantur
426 1052 579 1114 iteratione
601 1070 662 1113 non
684 1051 805 1126 adiecta,
828 1051 886 1113 nisi
908 1051 985 1131 quod
1009 1051 1212 1132 exceptionem
1235 1051 1304 1113 lacit
1328 1050 1431 1113 titulus
1453 1050 1655 1114 Nomentanus

296 1156 400 1237 (Orell.
416 1154 506 1233 208);
526 1158 624 1236 prees.
641 1155 699 1218 colo.
716 1175 755 1215 rrr
771 1157 992 1236 sagittariorum,
1012 1156 1110 1235 prees.
1126 1156 1186 1217 cub.
1203 1159 1307 1217 iterum
1328 1173 1355 1214 ιι
1372 1154 1519 1216 Asturum.
1535 1189 1575 1198 —
1591 1154 1654 1216 Non

296 1258 389 1338 magis
411 1259 493 1320 locus
510 1266 555 1320 est
570 1258 717 1320 iterationi
732 1258 763 1320 in
778 1256 1044 1339 procurationibus.
1061 1293 1103 1311 -.-
1118 1259 1152 1319 ln
1169 1257 1392 1320 centurionibus
1405 1256 1571 1336 legionariis
1587 1276 1653 1318 cum

295 1379 327 1422 re
342 1360 458 1422 iteratio
473 1379 564 1441 paene
580 1361 708 1441 legitima
723 1361 821 1428 tuerit.
838 1361 901 1422 eius
914 1360 1045 1422 numeris
1056 1379 1210 1442 expressae
1222 1378 1317 1440 neque
1328 1360 1365 1421 ad
1376 1359 1520 1439 legionem
1532 1360 1654 1421 eandem

294 1463 401 1526 relatae
417 1463 513 1544 (cuius
535 1465 665 1545 exempla
689 1465 759 1527 item
783 1483 847 1526 rara
870 1462 1024 1543 composui
1039 1464 1113 1544 pr.
1130 1463 1255 1546 epigr.4
1276 1481 1305 1543 p.
1321 1462 1397 1541 236)
1421 1481 1514 1524 unum
1539 1472 1653 1525 tantum

295 1565 463 1649 exemplum
487 1565 561 1627 mihi
585 1574 703 1647 praesto
731 1575 777 1628 cst
799 1565 844 1646 (C.
860 1565 895 1639 X,
919 1565 1016 1628 3733:
1044 1572 1170 1630 centurio
1192 1565 1538 1646 11le9.111Cyrettct'cttc
1563 1577 1590 1628 et
1617 1585 1657 1625 mr

298 1669 384 1744 Cla.).
406 1701 449 1714 -
471 1668 651 1732 Tribunatns
674 1668 808 1731 militaris
831 1677 865 1730 ut
887 1677 980 1730 aetate
1001 1669 1108 1730 liberae
1130 1669 1171 1731 rei
1187 1667 1321 1749 publicae
1335 1666 1521 1731 iterationem
1535 1666 1654 1728 sollem-

295 1770 373 1833 niter
405 1771 534 1834 admittit
566 1771 729 1851 legionibus
762 1771 873 1833 scilicet
905 1791 965 1833 non
1000 1768 1175 1846 enuntiatis,
1210 1771 1250 1832 ita
1282 1771 1308 1831 is
1342 1789 1414 1831 usus
1447 1769 1535 1832 etiam
1561 1778 1654 1830 aetate

296 1873 484 1955 imperatoria
513 1873 696 1953 aliquatenus
730 1875 839 1937 mansit
872 1875 915 1954 (C.
932 1874 967 1948 ll,
984 1873 1079 1937 2029.
1102 1874 1151 1950 lll,
1167 1875 1239 1937 648.
1262 1874 1294 1948 V,
1311 1873 1361 1936 49.
1385 1872 1479 1935 5834.
1495 1872 1544 1947 ΙΧ,
1560 1871 1653 1933 3522.

296 1975 389 2038 5838.
406 1975 495 2038 Orell.
512 1975 604 2038 2254.
628 1977 734 2055 3984).
773 1977 829 2039 Sed
852 1979 938 2056 longe
960 1979 1142 2058 frequentius
1165 1978 1313 2058 legionum
1337 1975 1457 2038 nomina
1478 1974 1653 2047 adiciuntur,

295 2078 374 2158 quod
402 2077 452 2139 ubi
480 2079 526 2153 lit,
555 2097 674 2160 perraro
700 2080 815 2142 iteratio
842 2080 1023 2159 significatur
1055 2081 1099 2158 (C.
1120 2082 1168 2156 ΙΙΙ,
1189 2080 1282 2143 2078.
1305 2081 1340 2154 Χ,
1358 2078 1457 2155 8241;
1489 2080 1518 2140 in
1552 2079 1652 2140 eadem

295 2180 408 2261 legione
431 2181 461 2242 C.
478 2181 510 2256 v,
534 2179 640 2244 5267?
669 2183 718 2258 lx,
743 2183 848 2264 5838).
