3656 5434
274 283 339 347 200
885 275 1016 334 rursm
1057 329 1065 366 ,

273 463 397 521 fortasse
430 457 507 519 aliud
541 476 658 537 quoquc
688 455 803 530 12,10.
823 457 859 516 11
903 454 960 529 τὰς
989 455 1074 528 θέας
1103 452 1163 516 διὰ
1195 452 1312 518 ἑκατὸν
1345 449 1425 518 ἐτῶν
1457 459 1634 538 γινομένας

274 555 520 642 ὀνομαζομένας
548 556 750 640 σαικλάρεις,
779 559 830 620 ubi
858 560 952 639 glossa
981 577 1048 620 cum
1080 558 1322 639 interpretatione
1351 558 1498 621 inunum
1526 561 1634 623 coaluit

273 663 370 743 (ludes
390 661 552 725 saeculares
573 663 604 723 iu
627 663 760 743 exemplo
783 661 887 724 Latino
918 661 1060 742 scriptum
1090 665 1157 734 est).
1202 661 1261 722 lam
1286 660 1337 740 qui
1360 662 1499 740 glossario
1523 664 1633 726 Graeco

274 767 346 829 adeo
374 785 434 828 uon
461 765 563 827 didicit
590 776 668 827 recte
696 767 740 827 uti
770 774 804 826 ut
831 765 876 826 rel
909 773 1010 826 contra
1044 763 1218 825 sententiam
1248 783 1264 824 a
1293 765 1436 845 scriptore
1466 765 1631 828 institutam

273 871 360 932 verbe
383 870 468 950 plana
490 888 524 930 ao
545 870 698 949 perspicua
721 868 974 949 interpretaretur,
997 867 1022 927 is
1046 866 1211 928 mehercule
1240 885 1299 928 uon
1316 868 1444 930 Graecus
1467 869 1522 930 tuit
1544 869 1633 930 homo

274 975 323 1036 sed
348 973 508 1034 Romanus.
554 972 656 1033 Graeci
678 982 776 1034 autem
801 971 946 1036 sermonis
969 971 1116 1032 insuetum
1141 989 1172 1030 se
1195 970 1330 1050 pmebuit
1355 971 1442 1032 etiam
1466 972 1528 1033 aliis
1550 990 1632 1033 com·

274 1076 374 1138 missis
396 1075 557 1149 erroribus,
580 1095 595 1136 e
618 1075 726 1154 quibus
750 1075 897 1155 graviores
919 1075 1062 1153 quosdam
1086 1073 1213 1134 breviter
1236 1074 1463 1136 recensebimus,

372 1174 560 1259 ‘Saepissime
583 1178 712 1259 peccavit
734 1179 765 1239 in
793 1178 916 1240 articulo
939 1176 983 1237 rel
1005 1176 1187 1237 admittendo
1208 1177 1258 1238 ubi
1280 1176 1363 1238 locus
1385 1179 1448 1240 eius
1476 1196 1534 1240 non
1558 1188 1634 1240 esset

275 1283 319 1343 vei
347 1282 509 1345 omittendo
538 1281 587 1343 ubi
616 1281 707 1343 careri
735 1301 770 1342 eo
799 1281 941 1361 nequiret
995 1278 1119 1359 Scripsit
1147 1279 1194 1340 ilie
1227 1281 1289 1352 t‚7
1319 1278 1356 1342 ἐν
1383 1280 1421 1368 τῇ
1450 1277 1538 1350 τάξει
1570 1281 1634 1343 τῶν

274 1379 446 1450 ὑπατικῶν
469 1380 538 1468 ἅμα
560 1383 595 1447 τό
619 1379 855 1466 συμβουλεύειν
877 1379 983 1444 δοῦσα
1006 1382 1196 1458 (cumularem
1219 1382 1312 1444 locrnn
1334 1384 1419 1445 mmnl
1435 1385 1506 1446 dcere
1520 1393 1634 1446 τετελεκ-

274 1494 330 1555 tice
350 1488 517 1570 serendae),
545 1488 594 1550 ubi
624 1487 748 1550 debebat
774 1496 825 1548 eut
848 1485 883 1547 ἐν
907 1494 975 1558 τοῖς
997 1479 1173 1558 ὑπατικοῖς
1195 1485 1280 1565 (App.
1297 1485 1324 1546 b.
1341 1504 1366 1547 c.
1382 1485 1411 1563 3,
1429 1488 1484 1555 51;
1509 1485 1543 1548 ἐν
1565 1497 1635 1561 τοῖς

273 1587 502 1675 τεταμιευκόσι
534 1590 586 1652 llio
602 1592 652 1664 46,
669 1590 723 1670 29)
756 1599 807 1652 aut
838 1586 874 1651 ἐν
902 1583 1068 1651 ὑπατικοῦ
1097 1586 1203 1662 τάξεις
1232 1605 1287 1649 nec
1318 1591 1409 1669 magis
1439 1599 1517 1652 reete
1550 1590 1634 1664 12,8

274 1699 359 1769 θέας
381 1690 525 1778 ἐποίησα
549 1689 591 1756 δι’
615 1691 696 1775 ἐμοῦ
717 1693 878 1775 τετράκις,
903 1690 959 1754 διά
982 1689 1019 1753 ‹tt
1041 1691 1106 1754 τῶν
1128 1687 1236 1752 ἄλλων
1259 1685 1367 1776 άρχῶν
1393 1689 1429 1754 ἐν
1450 1695 1541 1775 μέρει
1565 1693 1635 1775 τρὶς

275 1799 329 1863 καὶ
354 1796 520 1871 εἰκοσάκις
542 1797 679 1876 (oliorum
701 1800 920 1876 moqe'stretuum
941 1797 1040 1870 υτόιοτ)
1056 1794 1173 1875 scripsit
1195 1785 1249 1875 prb
1269 1794 1312 1858 δι’
1328 1793 1436 1861 ἄλλον
1457 1797 1495 1861 δὲ
1518 1791 1635 1877 ἀρχῶν.

276 1903 352 1964 item
375 1900 505 1963 abundat
531 1899 671 1972 articulus
696 1897 779 1972 14,3
803 1897 922 1960 πασῶν
943 1896 1125 1979 ἐπαρχιῶν,
1150 1895 1203 1970 alc
1226 1893 1331 1982 ὅμορα
1357 1894 1395 1983 ἦν
1423 1899 1505 1983 ἔθνη
1528 1901 1569 1963 τὰ
1590 1901 1635 1986 μὴ

277 1999 536 2082 ῦποτασσόμενα
557 2003 596 2086 τῇ
620 1995 761 2092 ἡμετέρᾳ
784 1993 956 2082 ἡγεμονίᾳ,
984 2000 1036 2062 ubi
1062 2020 1120 2063 non
1149 2003 1296 2083 reputavit
1321 2003 1467 2084 interpres
1494 2023 1568 2084 quae
1591 2005 1634 2068 vis

275 2116 354 2171 esset
383 2105 561 2169 coniunctiri
589 2104 619 2165 in
648 2103 744 2165 verbis
774 2103 899 2183 Augusti
927 2105 1027 2186 quibus
1053 2105 1191 2186 finitimae
1217 2109 1339 2186 sumunt
1358 2117 1453 2187 pentes
1475 2127 1547 2188 ςυστ
1577 2128 1635 2171 non

274 2221 425 2293 parerent,
447 2227 515 2271 uam
539 2217 616 2270 recte
635 2217 773 2288 ponerent
795 2206 825 2268 in
841 2207 944 2268 lacuna
967 2207 1135 2287 suppletum
1159 2229 1224 2271 esse
1246 2229 1333 2272 nemo
1355 2209 1482 2288 negabit.
1527 2211 1634 2272 Contra

275 2314 423 2376 omittitur
438 2313 578 2375 articulus
594 2329 747 2392 perperam
774 2312 821 2383 11,
838 2312 856 2372 7
874 2306 952 2372 ὁδὸν
968 2309 1174 2392 Φλαμινίαν;
1199 2314 1247 2386 15,
1264 2314 1282 2373 5
1298 2308 1424 2393 μᾶλλον
1447 2310 1636 2397 ἐβουλήθην

275 2412 450 2499 βασιλείαν
476 2411 623 2497 Τιγράνῃ
647 2413 774 2486 δοῦναι,
797 2413 846 2474 ubi
864 2413 889 2475 si
912 2412 1010 2474 minus
1032 2409 1153 2495 ταύτην
1174 2413 1232 2497 τὴν
1254 2410 1428 2495 βασιλείαν
1452 2416 1585 2497 (reputent
1605 2419 1637 2480 id

275 2519 403 2600 Latine),
433 2528 462 2580 at
491 2515 548 2600 τὴν
574 2514 750 2598 βασιλείαν
777 2525 857 2577 certe
888 2516 1030 2596 scriptum
1060 2517 1204 2597 oportuit;
1237 2518 1285 2591 10,
1307 2517 1347 2577 22
1375 2516 1494 2598 μεταξύ
1521 2521 1580 2582 τοῦ
1601 2542 1636 2583 τε

274 2623 356 2688 ναοῦ
383 2623 447 2684 τῶν
475 2617 670 2701 Διοσκόρων
697 2617 752 2680 καὶ
787 2613 912 2700 Κρόνου
940 2638 994 2699 pro
1017 2618 1072 2679 καὶ
1102 2619 1160 2684 τοῦ
1189 2616 1335 2701 Κρόνους
1367 2621 1457 2695 12,3
1491 2619 1561 2706 τρὶς
1589 2625 1636 2706 τῷ

275 2724 343 2808 ἐμῷ
365 2719 504 2806 ὀνόματι
533 2722 588 2785 καὶ
618 2717 774 2795 πεντάκις
800 2721 866 2783 τῶν
893 2717 975 2784 cirin
1005 2745 1068 2805 μου
1098 2725 1136 2804 (et
1158 2728 1324 2806 quinquiens
1351 2725 1480 2807 fillonem
1507 2745 1635 2790 mensum

274 2825 400 2908 nomine)
428 2847 482 2908 pro
514 2827 560 2911 τῷ
588 2826 652 2888 τῶν
680 2815 761 2888 υἱῶν
792 2845 855 2906 μου
890 2827 954 2889 coil.
974 2826 1022 2901 12,
1039 2828 1074 2902 7;
1103 2827 1176 2889 adde
1208 2830 1288 2908 quod
1313 2829 1452 2909 populum
1474 2829 1636 2892 Romanum

274 2930 452 3011 quinquiens
480 2931 567 2991 vertit
593 2927 650 2991 τόν
672 2927 778 3009 δῆμον
800 2925 865 2989 τῶν
887 2927 991 3005 (semel
1013 2929 1123 2992 rectius
1145 2952 1203 2993 του
1226 2929 1332 3015 δήμου
1354 2931 1413 2994 τοῦ
1434 2951 1514 2994 mon.
1531 2933 1637 3014 Apoll.)

272 3029 454 3116 Ῥωμαίων,
479 3032 592 3094 octiens
614 3051 683 3094 rero
705 3028 811 3113 δῆμον
831 3025 1010 3111 Ῥωμαίων.
1054 3032 1141 3095 Deest
1163 3033 1304 3096 articulus
1326 3035 1474 3097 interdum
1497 3035 1637 3098 substan-

275 3135 343 3198 tivis
364 3135 473 3215 quibus
496 3127 590 3207 οὗτος
612 3135 658 3196 rel
679 3132 800 3206 ἐκεῖνος
829 3134 1004 3216 pronomina
1027 3135 1123 3198 addita
1145 3146 1229 3210 suut,
1262 3137 1348 3212 8,17
1373 3129 1467 3210 οὗτος
1489 3131 1637 3220 ἀριθμὸς

275 3235 402 3303 πλείων
424 3274 465 3285 -
488 3233 648 3322 ὑπῆρχεν,
674 3237 722 3312 16,
741 3240 779 3300 17
798 3235 863 3320 πρὸ
880 3235 997 3300 τούτου
1011 3235 1140 3320 χρόνου,
1163 3239 1212 3313 12,
1231 3241 1270 3301 14
1285 3241 1353 3322 μετ’
1369 3238 1496 3303 ἐκεῖνον
1510 3239 1635 3326 χρόνον.

276 3342 403 3403 interest
430 3341 537 3421 aliquid
566 3341 644 3403 inter
670 3336 787 3414 στόλος
815 3338 893 3422 ἐμός
921 3348 950 3401 et
973 3337 990 3404 ὁ
1015 3339 1093 3424 ἐμός
1116 3337 1241 3418 στόλος,
1264 3352 1294 3405 et
1314 3352 1394 3405 reete
1416 3339 1532 3418 στόλος
1558 3343 1636 3427 ἐμὸς

276 3445 418 3526 scriptum
443 3455 488 3507 est
513 3446 637 3520 14,16;
660 3465 695 3506 eo
717 3443 818 3506 falsius
840 3451 938 3505 autem
965 3443 991 3516 1,
1011 3443 1074 3505 1.2
1097 3442 1157 3534 ἐμῇ
1180 3441 1291 3528 γνῶμῃ
1315 3445 1371 3508 καὶ
1394 3444 1487 3529 ἐμοῖς
1510 3443 1635 3511 ἀναλῶ-

276 3564 380 3632 μασιν
401 3555 515 3626 (contra
538 3557 616 3611 recte
640 3549 726 3622 e,16
749 3549 787 3634 τῇ
804 3545 872 3636 ,ἐμῇ
895 3541 1020 3632 γνῶμῃ)
1041 3548 1115 3624 etS,
1133 3550 1172 3611 19
1194 3547 1229 3611 ἐν
1244 3543 1388 3627 ὑπατείᾳ
1402 3541 1537 3638 τετάρτῃ
1561 3548 1634 3638 ἐμῇ,

276 3662 364 3734 atque
390 3651 511 3715 omnino
538 3652 619 3714 nullo
648 3651 819 3713 discrimine
847 3655 923 3714 iacto
952 3647 984 3713 oi
1012 3645 1080 3713 vicl
1107 3672 1189 3734 μου,
1219 3648 1251 3715 οἳ
1274 3645 1347 3734 ἐμοὶ
1372 3647 1457 3727 uici,
1485 3649 1635 3737 όπατήρ

277 3778 341 3838 μου
364 3749 432 3819 eto‘
458 3753 567 3839 πατὴρ
590 3752 607 3818 ὁ
630 3751 709 3831 ἐμός
733 3773 814 3818 mero
837 3755 966 3818 variandi
989 3753 1087 3817 studio
1110 3754 1205 3836 posita
1227 3756 1370 3818 videmus.

375 3855 640 3940 ‘Praepositiouum
664 3877 751 3921 usum
779 3878 840 3922 uon
868 3879 986 3940 semper
1015 3867 1093 3920 recte
1121 3859 1287 3921 observarit
1317 3859 1478 3940 iuterpres;
1504 3879 1572 3922 nam
1601 3869 1637 3923 ut

276 3961 429 4026 mittamus
444 3965 523 4044 quod
539 3981 637 4026 errore
653 3965 777 4024 fortasse
792 3962 925 4043 lapidarii
939 3970 1042 4024 netum
1060 3980 1147 4043 supra
1163 3962 1372 4041 exagitarimus
1396 3965 1423 4036 1,
1443 3963 1479 4025 te
1501 3961 1636 4047 ἐνίκησα

275 4066 457 4152 παρατάξει
485 4086 539 4148 pro
561 4061 597 4130 ἐν
619 4063 803 4149 παρατάξει
827 4065 881 4138 vel,
905 4076 939 4127 ut
953 4064 1111 4147 Dionysius
1135 4065 1237 4128 scribit
1258 4065 1297 4146 (li
1321 4067 1360 4128 50
1383 4067 1442 4140 all,
1467 4063 1502 4128 ἐκ
1524 4088 1636 4147 παρα-

275 4169 411 4245 τάξεως,
439 4170 544 4233 iaisum
573 4177 618 4232 est
642 4169 721 4248 quod
743 4168 850 4248 legitur
873 4168 960 4242 216
984 4163 1007 4228 ἃ
1028 4165 1126 4242 αῦτὸς
1147 4165 1168 4250 ἢ
1192 4166 1250 4231 διὰ
1271 4166 1347 4240 τοῦς
1369 4163 1636 4250 ὑποστρατήγους

276 4273 374 4359 ἐμοὺς
396 4271 624 4355 κατῶρθωσα,
648 4290 715 4334 nem
739 4273 889 4352 genetivus
911 4272 1076 4334 necessario
1098 4271 1267 4353 requiritur,
1290 4289 1349 4350 quo
1370 4289 1439 4333 casu
1461 4279 1540 4333 recte
1563 4290 1636 4334 usus

275 4380 323 4442 ille
345 4388 391 4441 est
413 4378 442 4452 3,
460 4377 499 4440 20
523 4375 567 4439 δι’
591 4375 672 4459 ἐμοῦ
694 4383 724 4437 et
746 4376 810 4450 5‚9
834 4373 892 4437 διὰ
914 4375 978 4438 τῶν
1001 4370 1145 4438 ὑπάτων.
1182 4375 1282 4454 Neque
1299 4374 1390 4455 magis
1405 4374 1523 4455 probari
1538 4383 1637 4456 potest

276 4484 354 4564 quod
382 4482 473 4544 cuivis
507 4479 640 4562 genetivo
669 4478 805 4559 partitive
832 4498 867 4540 ex
895 4478 1097 4540 Romanorum
1127 4495 1208 4538 more
1240 4477 1486 4558 praepositionem
1509 4469 1544 4548 ἐξ
1568 4477 1635 4540 addi

276 4606 363 4668 posse
395 4585 586 4660 existimarim
624 4603 692 4646 nam
732 4582 844 4646 diversa
878 4592 950 4644 sunt
981 4601 1055 4661 quae
1089 4581 1196 4643 Graece
1226 4580 1282 4642 diei
1312 4580 1408 4643 soient
1434 4577 1470 4641 ἐκ
1501 4576 1637 4642 πάντων

277 4686 422 4770 μάλιστα
448 4696 477 4750 et
504 4685 539 4749 ἐκ
563 4683 693 4751 πόλεων
716 4689 852 4770 πίσυρες
879 4686 915 4748 ab
936 4685 993 4748 iilis
1014 4703 1090 4766 quae
1111 4685 1255 4766 interpres
1278 4683 1333 4746 sibi
1354 4681 1489 4765 permisit
1511 4681 1577 4756 2,2
1601 4679 1638 4755 ἐξ
