3656 5434
313 415 377 477 194
730 407 1019 465 ORTHOGRAPHJA
1038 406 1256 464 LATINORVM

311 591 456 652 boninum
477 590 569 652 mittio
590 609 738 670 nunqnam
759 595 856 653 nee’nne
878 593 1082 672 quinquaginta
1100 599 1125 652 et
1147 589 1276 663 ducenta,
1299 589 1379 650 color
1400 587 1541 650 orationis
1563 605 1675 650 nume·

311 711 415 754 rorum
444 692 603 772 legitimam
635 693 848 755 ordinationem
878 693 1008 772 paullum
1038 691 1171 754 mutarit.
1215 691 1279 753 Duo
1301 691 1363 766 alii,
1389 693 1504 770 [eiciens
1524 694 1620 770 selmet
1643 703 1677 755 et

315 797 590 877 septuagensnlmnm
612 797 744 873 eentnnl,
768 796 818 858 ubi
841 805 941 859 utrum
965 796 1069 876 copula
1091 795 1181 857 fuerit
1194 813 1297 870 necne,
1319 813 1422 875 parom
1438 805 1568 877 apparet,
1590 796 1677 858 ordi-

311 917 379 959 nem
413 908 534 980 apparet
560 899 674 979 neglegi
699 907 848 979 praeterea
876 909 1045 962 constanter
1071 907 1234 971 serratum,
1264 901 1387 960 fortasse
1412 898 1482 960 inde
1508 898 1675 979 explicandi

312 1011 394 1077 sunt,
423 1003 502 1081 qood
531 1021 598 1065 cum
626 1011 786 1082 utromque
815 1011 917 1083 caput,
946 1011 979 1065 ut
1001 1002 1072 1064 item
1097 1000 1217 1063 ornum
1240 1002 1276 1064 de
1298 1021 1389 1064 censu
1412 1002 1498 1064 tertio
1520 1011 1551 1065 et
1571 1002 1672 1083 ipsum

312 1105 529 1185 quodammodo
557 1125 573 1168 a
601 1105 753 1168 communi
774 1106 837 1185 lege
859 1106 1008 1180 recedens,
1031 1105 1066 1167 ad
1082 1104 1207 1185 Augusti
1228 1125 1339 1168 annom
1362 1115 1527 1168 extremum
1548 1114 1673 1186 spectet,

311 1208 383 1270 baec
405 1208 501 1272 addita
524 1211 584 1271 eint
605 1227 725 1270 necesse
747 1216 794 1270 est
814 1217 866 1270 aut
887 1209 923 1270 ab
946 1209 1010 1290 ipso
1033 1208 1088 1270 snb
1112 1218 1236 1270 mortem
1260 1216 1320 1281 aut,
1343 1208 1373 1269 id
1395 1208 1475 1287 quod
1498 1209 1590 1288 magis
1605 1227 1674 1269 cre·

312 1311 447 1386 diderim,
469 1312 516 1392 pia
539 1311 764 1392 interpolatione
787 1322 933 1391 postuma.
971 1312 1043 1374 Nam
1060 1329 1160 1373 rerum
1177 1320 1324 1390 gestarum
1339 1311 1524 1392 imperatoris
1540 1311 1674 1373 defuncti

311 1414 542 1476 commentarius
564 1415 594 1476 in
624 1415 696 1476 urbe
724 1422 755 1476 et
782 1433 835 1495 per
863 1414 1027 1495 provincias
1056 1415 1226 1496 imperfecte
1251 1415 1377 1495 proponi
1399 1433 1459 1476 non
1482 1413 1592 1486 debuit,
1614 1415 1674 1475 etsi

312 1536 381 1580 eum
410 1518 547 1599 princeps
574 1517 704 1580 moriens
726 1517 932 1598 imperfectum
954 1517 1082 1597 reliquit,
1105 1537 1160 1580 nec
1190 1516 1280 1578 taceri
1306 1516 1342 1578 de
1368 1535 1460 1578 censu
1486 1516 1587 1588 tertio,
1615 1516 1674 1577 etsi

311 1619 442 1700 primurn
471 1628 500 1682 et
528 1621 691 1682 secundom
715 1622 810 1684 solum
835 1623 970 1702 princeps
993 1621 1055 1702 ipse
1078 1629 1237 1682 enarraret.
1281 1619 1391 1681 Eodem
1414 1637 1474 1681 non
1498 1619 1562 1681 sine
1582 1637 1673 1680 cansa

311 1727 473 1798 referetur,
506 1725 584 1804 quod
614 1724 645 1785 in
668 1723 714 1785 his
736 1734 986 1805 septuagensuntns
1008 1733 1054 1786 est
1074 1743 1128 1805 per
1149 1745 1169 1786 n
1190 1723 1318 1784 litteram
1340 1722 1378 1784 ab
1399 1723 1464 1803 ipso
1485 1723 1617 1802 Augusto
1639 1721 1673 1784 in

312 1826 419 1889 talibus
450 1827 554 1888 formis
581 1835 751 1889 constanter
771 1827 917 1888 evitatura.
962 1828 1056 1901 Quam
1080 1828 1118 1889 ob
1141 1845 1203 1888 rem
1225 1826 1395 1900 videndum,
1416 1843 1515 1888 annon
1537 1844 1612 1906 quae
1633 1825 1673 1887 ad

312 1938 442 1991 extrema
463 1929 588 2009 Augusti
611 1939 742 2011 tempora
765 1939 899 2010 spectant
921 1930 1068 1992 a'liberio
1091 1930 1183 2009 magis
1205 1947 1295 2010 quam
1317 1929 1353 1990 ab
1376 1928 1440 2009 ipso
1455 1932 1584 2009 protecta
1599 1928 1670 1990 sint

312 2031 439 2112 Copulae
465 2043 562 2095 autem
586 2053 658 2095 usus
681 2042 841 2114 perpetuus
862 2032 1029 2113 limpiditati
1050 2033 1196 2095 sermonis
1217 2031 1343 2112 Augusti
1365 2031 1485 2093 omnino
1505 2041 1592 2112 aptus
1615 2040 1670 2093 est

411 2134 552 2196 Adrerbia
575 2135 743 2209 numeralia,
766 2154 841 2214 quae
862 2134 1049 2197 iterationem
1072 2135 1246 2215 significant,
1269 2133 1406 2216 princeps
1429 2153 1489 2197 non
1511 2134 1541 2195 in
1557 2154 1590 2197 -o
1604 2139 1669 2196 for-

315 2235 419 2310 mavit,
448 2237 499 2298 sed
521 2239 551 2299 in
575 2257 642 2300 -am
663 2240 825 2300 secundum
850 2257 936 2300 usum
960 2241 1052 2319 magis
1075 2239 1248 2319 probatum,
1276 2236 1407 2300 scribens
1429 2240 1546 2300 tertium
1569 2236 1671 2322 munel

316 2339 410 2402 etsie
432 2339 579 2422 deinceps.

411 2443 494 2506 Addo
517 2444 674 2524 singularia
696 2443 780 2506 baec:

454 2547 489 2609 ol
512 2566 573 2609 non
595 2548 741 2629 reperitur
762 2547 820 2609 niei
842 2557 909 2608 ante
932 2546 1060 2608 vocalem
1083 2545 1128 2608 rel
1149 2546 1169 2608 lu
1189 2545 1327 2608 litteram.

451 2669 515 2712 cnm
537 2669 693 2732 pecoroso,
716 2668 776 2712 non
798 2667 932 2731 preconia.

345 2785 347 2792 ·
452 2769 490 2813 eu
512 2761 681 2814 constanter
703 2761 872 2832 usurpatur,
895 2770 1059 2831 numquam
1083 2770 1106 2813 c.

452 2853 540 2917 bncos
561 2874 614 2936 per
635 2875 657 2917 a.

452 2959 594 3020 incolare.

450 3059 639 3132 Marcomani,
662 3078 723 3122 non
745 3058 953 3122 Marcomanni.

452 3161 596 3224 Messalla.

350 3289 353 3296 ·
450 3264 545 3326 millio
567 3282 684 3343 semper
705 3263 844 3326 scribitur
866 3283 919 3345 per
942 3265 952 3326 l
973 3264 1089 3344 duplex.

446 3367 558 3446 paullo,
580 3385 640 3428 non
660 3367 760 3447 poento.

448 3469 588 3549 periclum
606 3469 654 3549 (ut
668 3469 806 3547 ridetur),
829 3469 973 3544 secalonia,
996 3471 1167 3551 spectaclum
1182 3469 1226 3548 (in
1241 3465 1371 3528 auctario
1387 3474 1432 3528 est
1447 3465 1665 3548 spondentem).

446 3574 580 3651 pr'gnoro,
603 3589 662 3632 non
682 3575 814 3651 pignero.

446 3673 542 3753 plebei
582 3673 696 3735 dativus
739 3672 885 3754 reperitur
927 3673 987 3746 bis,
1026 3692 1094 3735 cum
1139 3675 1169 3734 in
1206 3672 1339 3752 genetivo
1387 3669 1534 3732 scribatur
1575 3669 1667 3749 plebis

493 3777 533 3856 (v.
557 3775 717 3839 Schneider
739 3775 768 3850 2,
784 3775 870 3856 359).

448 3882 571 3960 animate,
593 3897 653 3941 non
675 3883 813 3960 quinctus.

448 3986 574 4054 sescenti,
595 3986 759 4045 sescentiens
780 3999 833 4062 per
854 4003 876 4043 e.

448 4083 580 4145 valetudo
602 4103 657 4165 per
679 4105 702 4146 e.

732 4414 769 4492 2.
816 4418 875 4491 De
902 4417 1067 4492 versione
1095 4415 1245 4491 Graeca.

404 4592 594 4675 Metapbrasis
616 4595 740 4657 Graecae
762 4594 903 4674 originem
923 4603 1078 4676 postquam
1094 4613 1182 4675 supra
1198 4613 1228 4674 p.
1244 4591 1421 4666 inindicari,
1444 4591 1507 4653 eius
1522 4589 1663 4664 indolem,

304 4694 339 4755 de
362 4714 419 4773 qua
441 4715 529 4777 supra
551 4715 580 4777 p.
596 4716 681 4758 xxxvi
703 4697 735 4758 in
757 4697 928 4760 universum
951 4697 1073 4778 exposui
1101 4715 1249 4776 quamque
1271 4695 1341 4757 item
1364 4703 1499 4757 accurate
1529 4692 1666 4756 tractarit

304 4797 374 4859 Otto
397 4797 562 4861 Hirschfeld
589 4820 618 4880 p.
641 4800 697 4862 261
716 4800 838 4876 -264,
872 4800 984 4882 placuit
1015 4801 1071 4861 hoc
1103 4800 1169 4862 loco
1201 4799 1365 4881 expendere
1398 4797 1506 4879 duplici
1538 4797 1664 4869 maone,
