3656 5444
325 366 391 430 134
916 360 950 428 V,
969 363 1074 418 51-·-53

322 544 356 606 15
372 542 540 607 universum
556 546 592 606 51.
609 543 689 604 Suet.
705 542 778 621 hug.
794 538 848 601 21:
873 541 1060 614 0555551155
1077 543 1267 605 barbarorum
1286 547 1473 624 5555555515
1488 545 1556 605 aede
1572 544 1682 605 Martis

323 650 426 712 5115νί5
454 651 554 710 iurare
576 648 661 726 coepd
683 661 833 708 murmures
855 665 884 707 se
906 649 936 706 ia
956 646 1148 726 5115515555
1170 665 1256 727 quum
1274 659 1409 726 55155551.
1429 683 1470 691 -
1487 647 1681 727 legationem

325 751 499 832 Scytharum
522 758 687 812 memorant
709 767 766 810 una
789 766 857 809 cum
872 746 970 809 indica
993 748 1150 810 Suetonius
1166 749 1270 811 Plorus
1286 748 1408 810 Orosius
1430 759 1533 811 auctor
1554 751 1589 810 de
1605 748 1681 809 viris

324 854 496 928 illustribus,
526 854 725 915 Sarmatarum
751 850 856 913 Florus
886 860 916 913 et
943 860 1046 913 auctor
1072 851 1150 912 idem
1179 855 1218 928 (v.
1241 853 1275 913 ad
1300 853 1333 925 5,
1356 853 1424 930 50);
1452 852 1579 933 reliquae
1605 853 1681 914 alibi
1791 889 1792 892 =

324 977 383 1019 555
404 957 602 1019 nominantur.
637 956 713 1017 Sunt
726 963 824 1016 autem
841 953 941 1036 populi
955 954 1005 1035 qui
1021 954 1069 1016 hic
1083 964 1294 1018 enumerantur
1310 956 1546 1017 transdanuviani
1562 975 1680 1028 55555,
1791 1015 1792 1018 ,

324 1059 459 1123 recensiti
481 1059 584 1121 ordine
606 1062 666 1120 lere
688 1057 887 1140 geographico.
905 1093 943 1102 -
961 1057 1033 1119 Cum
1057 1058 1206 1120 Bastarnis
1228 1060 1375 1139 eregioue
1390 1059 1515 1121 Moesiae
1529 1060 1681 1121 inferioris

327 1173 410 1227 trans
425 1162 587 1225 Danuvium
613 1161 785 1240 degentibus
807 1161 914 1222 bellum
939 1161 1030 1241 gessit
1051 1181 1076 1223 a.
1094 1161 1155 1222 725
1171 1161 1208 1223 M.
1224 1162 1347 1224 Crassus
1371 1162 1445 1236 (111.
1461 1183 1506 1244 ep.
1524 1163 1600 1236 134;
1622 1163 1681 1224 1115
1791 1175 1792 1186 ³

325 1270 375 1342 51,
392 1266 441 1328 23.
458 1266 515 1340 24;
537 1265 635 1327 Victor
655 1264 725 1345 epit.
743 1266 770 1338 1,
795 1263 836 1344 7).
852 1299 893 1309 -
910 1265 1033 1345 Scythae
1055 1264 1265 1345 intelleguntur
1286 1267 1350 1327 sine
1373 1266 1461 1328 dubio
1483 1267 1534 1347 qui
1556 1269 1681 1328 luerunt

325 1373 402 1434 inter
430 1369 593 1432 Danuvium
623 1375 653 1429 51
681 1367 892 1448 Borysthenem
920 1367 1107 1447 (5111555111
1131 1368 1162 1429 C.
1178 1371 1199 1430 l.
1216 1370 1300 1431 052
1323 1390 1351 1451 5.
1368 1369 1431 1450 82).
1454 1407 1495 1414 -
1519 1373 1679 1444 Sarmatas,

324 1493 451 1556 quorum
474 1491 557 1552 reges
579 1472 665 1534 etiam
691 1471 1193 1551 1115155015155511155550105.
1211 1473 1294 1535 2065
1309 1485 1531 1548 commemorat,
1552 1475 1681 1554 Augusti

324 1587 416 1641 aetate
444 1586 598 1656 utramque
621 1575 726 1637 Tanais
752 1575 845 1655 ripam
874 1575 1005 1636 tenuisse
1027 1576 1255 1638 commentarius
1278 1577 1437 1657 significat,
1466 1577 1544 1657 quod
1567 1578 1682 1640 accedit

325 1679 499 1742 testimoniis
521 1677 649 1740 collectis
670 1678 706 1739 ab
729 1677 830 1739 eodem
855 1677 1000 1739 Rueclihio
1023 1677 1042 1739 l.
1058 1697 1083 1740 5.
1099 1698 1128 1758 p.
1146 1678 1203 1753 833
1226 1699 1293 1742 555
1317 1699 1384 1743 555
1410 1680 1514 1742 Strabo
1537 1681 1566 1754 2,
1590 1683 1618 1754 5,
1635 1681 1678 1743 30

325 1805 353 1864 p.
371 1783 430 1844 128
455 1775 602 1844 Sarmatas
624 1782 760 1843 extendat
783 1781 932 1861 usquead
955 1781 1065 1844 Tanain
1088 1792 1118 1842 51
1140 1783 1275 1862 paludem
1299 1783 1440 1859 llaeotin,
1470 1785 1679 1846 1555551155

324 1888 400 1949 intra
423 1885 532 1948 Tanain
555 1885 766 1947 5105555555
790 1903 840 1946 eos
862 1885 1023 1965 posteriore
1044 1905 1161 1965 quoque
1184 1896 1276 1949 aetate
1299 1887 1474 1949 habitavisse
1495 1888 1621 1950 efficitur
1642 1909 1679 1949 ex

327 1989 428 2052 Tacito
450 2009 516 2050 anu.
533 1990 562 2062 6,
578 1987 628 2050 33.
670 1988 830 2050 Confirmat
851 1987 881 2049 id
903 1987 1016 2049 Plinius
1037 1989 1175 2050 adserens
1197 1989 1300 2070 degere
1322 2009 1372 2052 eos
1394 1989 1469 2052 circa
1492 1990 1611 2051 Tanaim
1635 1990 1679 2068 (2,

328 2092 403 2167 108,
427 2093 498 2155 246.
520 2093 555 2166 6,
579 2093 611 2166 7,
637 2090 689 2171 19)
716 2091 751 2153 ad
780 2091 940 2153 Caucasum
970 2111 1062 2171 usque
1088 2092 1138 2172 (6,
1161 2093 1196 2164 5,
1221 2093 1431 2170 16.13,40).
1476 2096 1677 2156 Sarmatarum

325 2216 433 2258 nomen
456 2215 523 2257 cum
546 2196 642 2277 ipsum
665 2196 742 2277 apud
765 2203 865 2274 poetas
881 2195 1015 2275 aequales
1030 2214 1089 2256 555
1106 2197 1278 2276 reperiatur,
1301 2196 1457 2277 significari
1472 2197 1608 2259 videntur
1623 2199 1680 2258 suh
1791 2199 1792 2206 ’

326 2299 445 2362 555155
472 2299 664 2373 Gaianorum,
696 2297 804 2378 quibus
832 2300 939 2360 Graeca
970 2298 1109 2360 tabulatio
1138 2299 1236 2362 locum
1264 2299 1340 2362 circa
1368 2301 1478 2362 Tanain
1506 2300 1681 2363 adiudicarit

326 2403 491 2483 ibidemque
514 2402 616 2482 degere
638 2402 726 2464 etiam
743 2401 881 2464 Horatius
902 2401 999 2464 innuit
1011 2400 1042 2483 ¹).
1072 2403 1197 2465 Gelonos
1212 2413 1242 2466 51
1257 2403 1399 2483 Vergilius
1416 2413 1548 2466 recenset
1561 2404 1632 2466 hen.
1648 2405 1679 2477 8,
1791 2401 1792 2430 l

327 2507 388 2568 725
415 2506 491 2568 inter
516 2506 639 2588 populos
669 2505 811 2586 triumphi
832 2505 940 2567 Actiaci
970 2505 1156 2568 5111551155
1185 2507 1536 2582 55552911515155
1562 2516 1679 2588 tropaea

326 2610 450 2690 Augusti
477 2610 534 2672 hoc
555 2628 671 2690 quoque
694 2611 794 2689 555511
814 2613 893 2671 intra
910 2613 1120 2690 5555555155
1144 2608 1263 2672 Gelonos
1284 2615 1394 2692 erripuit
1416 2615 1543 2692 equitare
1565 2617 1679 2692 campis,

327 2713 517 2794 similiterque
538 2713 570 2774 in
589 2712 718 2774 carmine
740 2712 769 2786 3,
786 2711 814 2786 8,
831 2712 870 2773 23
896 2712 1004 2792 scripto
1024 2713 1099 2776 circa
1120 2723 1236 2794 tempus
1259 2714 1326 2776 belli
1342 2714 1450 2777 1511551
1471 2720 1529 2778 iem
1550 2715 1680 2796 Scythae,

326 2817 431 2898 inquit,
455 2817 522 2879 1555
545 2818 720 2881 reddantur
742 2834 813 2878 arcu
836 2817 932 2878 cadere
954 2820 1066 2896 555515,
1091 2825 1124 2879 51
1139 2825 1265 2897 utroque
1280 2816 1344 2879 loco
1359 2817 1503 2898 significet
1519 2819 1678 2880 terminum

328 2920 451 3000 aliquem
482 2918 621 2981 Sarmatis
653 2918 865 3000 praescriptum
898 2939 976 2993 esse,
1009 2939 1095 3001 quem
1123 2939 1183 2982 nou
1211 2920 1392 2983 excederent.
1442 2921 1547 2983 Tanais
1574 2921 1681 2984 discors
1791 2899 1792 2934 r

329 3023 452 3104 denique
475 3022 505 3084 15
528 3022 656 3084 carmine
679 3023 840 3083 eorundem
862 3039 1006 3084 annorum
1029 3023 1059 3096 3,
1075 3023 1126 3098 29,
1142 3023 1183 3086 28
1206 3027 1331 3086 fortasse
1353 3041 1421 3084 555
1443 3024 1544 3085 eadem
1560 3043 1592 3085 re
1608 3043 1680 3085 eon-

328 3127 447 3189 iunctus
470 3136 523 3187 est.
567 3126 682 3188 Certam
714 3123 985 3206 interpretationem
1007 3144 1105 3187 rerum
1129 3126 1287 3207 scriptores
1309 3145 1368 3187 non
1391 3126 1594 3206 suppeditant3
1617 3128 1680 3188 lieri

329 3240 440 3313 potest,
465 3237 497 3292 ut
518 3230 639 3291 Crassus
661 3229 737 3290 bello
760 3248 808 3302 55,
831 3229 866 3290 de
889 3249 948 3309 quo
971 3228 1107 3304 diximus,
1130 3229 1309 3292 51155555
1333 3229 1475 3292 Sarmatis
1497 3230 1628 3292 tractarit
1650 3241 1680 3291 et
1791 3283 1792 3286 ,

331 3334 473 3397 eiusmodi
493 3332 679 3395 condiciones
694 3332 731 3394 iis
747 3332 929 3412 imposuerit.
956 3332 1092 3394 Ceterum
1108 3333 1298 3415 interpretem
1314 3342 1392 3395 recte
1408 3333 1524 3395 monuit
1539 3333 1680 3414 Rerglrius
1791 3357 1792 3392 1

330 3458 359 3519 p.
376 3439 435 3499 115
459 3438 500 3500 sic
522 3445 633 3499 vertere
656 3437 803 3499 debuisse:
826 3436 1005 3518 Σαρματῶν
1026 3437 1091 3499 noia
1111 3433 1250 3499 ἐπιτάδε
1270 3434 1415 3501 drauva.
1436 3441 1471 3499 T.
1489 3459 1524 3500 π.
1547 3436 1602 3499 καὶ
1618 3437 1682 3500 τῶν

332 3542 437 3622 πέραν
458 3538 616 3622 βασιλεῖς.
639 3577 678 3586 -
701 3540 878 3602 Albanorum
901 3559 996 3620 regem
1013 3539 1242 3616 Pharnabazum,
1259 3541 1434 3604 iliberorum
1451 3541 1590 3604 Zoberem
1614 3543 1682 3604 vicit
1791 3535 1792 3574 ³

331 3644 434 3708 5118
462 3643 579 3706 Antonii
607 3643 745 3723 auspiciis
771 3643 803 3704 P.
820 3644 957 3706 Canidius
979 3646 1100 3707 Crassus
1123 3644 1189 3725 (Dio
1212 3645 1267 3718 49,
1292 3645 1360 3722 24);
1389 3665 1457 3708 555
1479 3645 1611 3726 Augusto
1637 3649 1681 3708 vel
1791 3647 1792 3652 ’

332 3750 386 3811 hos
408 3747 454 3810 rel
475 3749 581 3809 horum
604 3765 788 3808 successores
817 3747 1025 3809 commercium
1048 3748 1184 3809 habuisse
1212 3767 1298 3810 nemo
1321 3760 1468 3830 praeterea
1492 3749 1611 3812 tradidit
1632 3749 1680 3827 (51.
1791 3807 1792 3816 ,

332 3853 367 3915 ad
391 3853 479 3925 6,1).
517 3852 653 3913 Testatur
674 3859 772 3912 autem
789 3850 893 3913 Strabo
914 3850 942 3925 6,
959 3851 1023 3924 4,2
1046 3871 1073 3931 p.
1089 3851 1150 3914 288
1175 3851 1332 3925 Romanos,
1356 3851 1405 3914 ubi
1428 3853 1524 3928 velint,
1547 3853 1681 3915 dominos
1791 3859 1792 3864 ’

333 3955 378 4018 his
400 3975 516 4036 quoque
539 3954 707 4016 nationibus
731 3953 807 4016 dare.
831 3988 870 3997 —
886 3952 927 4014 115
942 3953 1034 4015 lledis
1056 3954 1120 4015 vide
1142 3973 1216 4034 quae
1238 3975 1325 4035 supra
1348 3976 1376 4037 p.
1394 3957 1521 4036 109seq.
1544 3956 1680 4019 diximus.

434 4191 455 4258 ι)
474 4207 549 4242 earm.
564 4193 588 4254 3,
601 4191 625 4252 4,
638 4191 683 4240 355
713 4191 794 4239 risam
816 4191 976 4258 pharetratos
996 4187 1099 4241 Gelonos
1116 4193 1139 4241 51
1157 4189 1303 4257 Scytbicum
1321 4191 1459 4243 inviolatus
1476 4207 1583 4242 55555.
1620 4193 1682 4260 855-

333 4278 391 4329 thae
414 4294 469 4328 555
492 4279 555 4344 apud
575 4275 714 4341 Vergilium
736 4275 808 4327 modo
832 4277 863 4326 ad
882 4277 960 4326 0555
979 4277 1038 4340 (egl.
1054 4278 1074 4342 1,
1087 4278 1138 4342 65),
1161 4279 1232 4329 modo
1256 4277 1286 4327 ad
1304 4275 1455 4329 Maeotidem
1475 4281 1572 4342 (georg.
1587 4279 1609 4342 1,
1622 4280 1683 4342 319)

335 4363 488 4428 referantur,
507 4371 534 4413 ut
552 4379 606 4414 555
626 4363 782 4428 cogitavisse
800 4371 922 4429 appareat
940 4363 970 4413 do
987 4364 1107 4414 universa
1127 4363 1231 4429 Scythia
1249 4371 1298 4413 taur
1318 4363 1433 4414 Asiatica
1451 4379 1524 4429 quana
1543 4365 1683 4431 Europaeo,

333 4451 398 4518 apud
417 4450 548 4502 Horatium
573 4457 600 4500 et
620 4451 730 4516 epitheta
751 4450 928 4515 campestrium
946 4448 1158 4516 profugorumque
1181 4457 1207 4500 et
1225 4450 1289 4516 quod
1308 4449 1405 4500 Tanain
1424 4449 1569 4518 Scythicum
1588 4466 1682 4502 amnem

334 4538 407 4600 dicit,
429 4545 459 4587 ad
478 4537 604 4601 lluropam
627 4537 733 4600 ducunt,
756 4536 953 4602 crediderimque
976 4537 1040 4602 apud
1062 4537 1128 4586 hunc
1145 4544 1243 4602 poetam
1260 4537 1339 4602 magis
1358 4553 1429 4602 quatu
1447 4536 1589 4600 Vergilium
1609 4539 1683 4588 etiarn
1791 4579 1792 4582 ,

333 4625 359 4676 15
386 4623 509 4674 sabulosis
527 4637 645 4674 verarum
668 4638 752 4673 rarum
770 4637 903 4672 memorem
921 4623 966 4672 sub
986 4639 1015 4672 eo
1034 4638 1129 4688 quoque
1150 4624 1249 4672 555155
1266 4623 1395 4674 Sarmatas
1413 4623 1571 4690 potissimum
1588 4625 1684 4688 signiti-

337 4711 399 4762 cari.
440 4710 510 4775 Quod
533 4716 714 4775 componuntur
732 4725 787 4759 euru
808 4709 881 4759 Dacis
901 4709 988 4772 (carm.
1009 4713 1032 4773 1,
1049 4709 1089 4772 35,
1108 4710 1143 4772 9),
1165 4707 1267 4761 Parthis
1290 4709 1375 4774 (aarum
1392 4712 1414 4774 l,
1436 4711 1474 4774 19,
1493 4711 1531 4760 10.
1549 4711 1574 4775 4,
1591 4712 1616 4776 5,
1633 4711 1683 4772 25),

337 4797 472 4850 Cantabris
490 4793 577 4861 (carm.
591 4797 616 4860 2,
634 4799 675 4861 11,
695 4795 728 4864 1),
745 4795 872 4862 propriam
890 4796 1085 4846 communionem
1103 4795 1198 4848 nullam
1216 4796 1318 4846 indicat.
