3730 5434
798 363 820 428 1,
839 363 944 419 32—35
1500 367 1542 430 25

203 545 310 607 Graeca
341 545 376 606 ad
404 543 577 606 seutentiam
606 544 751 626 expedivit
773 543 981 619 llirchboffius‚
1011 543 1097 605 rerba
1124 552 1202 605 recte
1229 543 1373 606 ordinarit
1394 542 1544 624 Bergine,
1629 611 1632 620 ,

201 647 252 728 qui
274 667 348 728 quae
369 647 530 729 proposuit,
553 648 611 710 iam
632 647 726 729 lapide
748 647 965 709 confirmantur.
1003 647 1035 708 ln
1060 646 1170 710 Latinis
1192 667 1309 728 quoque
1331 651 1456 710 formam
1479 668 1545 711 ora-

201 751 289 813 tionis
317 751 387 812 satis
409 751 564 813 adsecutus
586 759 647 824 est,
669 770 845 831 quamquam
869 752 1009 830 quaedam
1033 750 1119 812 verba
1140 752 1176 814 ad
1198 753 1294 833 ipsum
1319 762 1543 814 monumentum

201 855 340 916 mutanda
366 856 496 915 fuerunt
519 889 560 898 -
582 853 621 915 33
644 855 694 915 liu.
717 861 785 933 post
806 875 852 915 no
875 853 1077 916 desiderantur
1098 854 1209 916 litterae
1232 874 1256 916 c.
1272 874 1339 929 nvn,
1363 873 1415 936 pro
1437 855 1544 936 quibus

200 976 259 1021 uon
288 958 436 1038 suppletae
465 965 534 1019 suut
555 957 611 1018 nisi
633 976 683 1018 xn.
708 965 746 1000 -ssw
770 956 811 1018 34
832 957 910 1019 inter
932 956 1035 1024 reric
1058 967 1087 1019 et
1110 978 1226 1020 nvnrv
1247 978 1316 1021 curn
1339 960 1474 1022 deficiant
1494 961 1544 1024 lit-

202 1070 279 1123 terae
302 1081 326 1123 c.
342 1080 398 1134 xre,
420 1061 655 1143 supplementum
676 1060 814 1141 pendulo
832 1065 978 1141 praesenti
993 1062 1140 1143 popnlulm
1163 1062 1336 1124 mutandum
1359 1063 1423 1124 fuit.

302 1164 386 1238 Quod
413 1164 454 1226 ait
475 1165 623 1244 Augustus
651 1165 806 1226 divisiones
834 1183 1009 1226 enumerans
1032 1164 1061 1237 3,
1086 1165 1139 1227 10:
1173 1167 1272 1228 consul
1292 1167 1484 1240 undecimum,
1516 1166 1545 1229 id

201 1278 247 1330 est
268 1287 346 1330 anno
362 1267 432 1342 731,
458 1269 602 1331 duodecim
622 1269 855 1348 frumentationes
875 1269 1020 1348 [cremento
1040 1272 1174 1350 privatim
1192 1280 1313 1351 coempto
1329 1289 1457 1333 emenone
1471 1289 1544 1344 snm,

201 1380 231 1434 et
252 1373 329 1452 quod
352 1373 400 1434 bic
422 1372 522 1434 scribit
544 1371 719 1451 significatus
741 1370 843 1433 11731
866 1372 1014 1452 repudiata
1034 1371 1174 1434 dictatura
1191 1372 1353 1455 suscepisse
1368 1392 1399 1435 se
1414 1392 1545 1436 annonae

201 1475 381 1538 curationem
415 1485 444 1538 et
473 1475 509 1537 ab
535 1494 570 1537 eo
596 1485 726 1556 tempore
759 1475 820 1537 suis
852 1475 1019 1557 sumptibus
1050 1477 1294 1538 frumentationes
1319 1477 1449 1558 publicas
1477 1497 1545 1539 ero-

201 1597 284 1659 gasse
313 1577 493 1640 adsentiente
515 1576 606 1640 Dione
631 1578 694 1640 loco
722 1579 808 1641 modo
835 1578 935 1651 citato,
967 1597 1014 1642 res
1042 1588 1075 1641 ut
1096 1590 1173 1642 recte
1195 1580 1378 1661 intellegatur
1400 1581 1545 1660 iungenda

203 1690 281 1744 suut.
324 1680 469 1744 Diderunt
494 1683 573 1744 euim
600 1699 673 1762 quae
699 1682 737 1744 ita
760 1683 907 1764 Augustus
929 1683 1058 1763 suscepit
1079 1703 1128 1756 eo,
1150 1684 1227 1764 quod
1251 1704 1275 1745 a.
1300 1684 1357 1747 731
1381 1688 1545 1748 frumenta·

203 1787 296 1848 tiones
323 1786 387 1848 iure
414 1787 448 1848 ad
476 1786 620 1848 aerarium
642 1787 810 1866 spectabant
831 1797 861 1848 et
883 1787 1069 1867 magistratus
1091 1787 1267 1860 ordinarios,
1290 1789 1424 1870 princeps
1447 1797 1545 1851 autem

203 1909 275 1952 usus
308 1909 343 1952 ex
372 1889 418 1952 his
446 1889 616 1971 praesertim
644 1889 807 1952 ministerio
829 1889 873 1950 Ti.
895 1888 1019 1952 Neronis
1046 1909 1080 1951 eu
1107 1909 1183 1952 auno
1211 1891 1374 1971 quaestoris
1402 1891 1545 1954 Ostiensis

202 1993 342 2074 (Velleius
365 1992 398 2066 2,
428 1994 481 2054 94:
514 1991 554 2054 n:
581 1991 718 2055 Claudius
749 1993 822 2054 Nero
923 2003 1055 2073 quaestor
1158 1999 1315 2057 nemimem
1347 1995 1547 2076 difficultatem

203 2116 335 2160 onnonoe
357 2115 391 2158 oe
411 2101 457 2158 rei
475 2097 686 2176 srnrncntnrine
707 2099 832 2176 inopiam
848 2095 941 2158 Ostiae
963 2107 1045 2177 atque
1058 2101 1089 2157 in
1103 2099 1173 2160 urbe
1188 2099 1330 2161 mandatis
1343 2103 1438 2162 uitrici
1450 2100 1546 2162 mode-

201 2212 283 2262 rntns
304 2212 357 2274 est;
379 2202 414 2261 cl.
439 2200 596 2262 Suetonius
618 2200 682 2261 Tib.
705 2198 723 2260 8
750 2207 780 2260 et
800 2197 1110 2277 Stootsreclt12‚557)
1133 2210 1269 2282 sumptus
1283 2202 1313 2264 in
1331 2221 1361 2263 se
1376 2203 1494 2283 recepit,
1517 2210 1547 2264 at

202 2303 239 2365 ab
264 2323 289 2364 a.
312 2303 379 2365 inde
403 2301 463 2364 732
491 2304 578 2365 liscus
604 2303 752 2364 inlocum
779 2302 881 2364 aerarii
902 2303 1144 2365 frumentationes
1164 2304 1300 2384 erogarit.
1344 2303 1444 2385 Neque
1466 2306 1545 2368 euim

203 2407 424 2470 adsentiendum
453 2417 498 2468 est
521 2406 712 2468 Hirschfeldio
739 2405 879 2467 statuenti
900 2425 929 2486 p.
947 2405 1006 2467 130
1033 2407 1078 2486 agi
1105 2407 1161 2468 boc
1182 2407 1245 2468 loco
1268 2407 1303 2469 de
1325 2427 1394 2469 cura
1416 2426 1546 2470 annonae

201 2509 231 2572 iu
260 2511 355 2573 solum
382 2528 493 2571 aunum
521 2509 582 2572 732
609 2509 645 2571 ab
667 2510 798 2588 Augusto
819 2519 962 2590 suscepta.
998 2509 1057 2570 lam
1081 2511 1137 2572 boc
1158 2519 1245 2590 caput
1266 2511 1315 2590 qui
1338 2510 1548 2591 comparaverit

202 2631 269 2676 cum
296 2633 331 2675 eo
353 2633 412 2693 qno
426 2612 530 2693 ¹agitur
552 2613 587 2674 de
608 2613 779 2674 liberalitate
800 2632 825 2673 a.
843 2611 901 2673 731
924 2622 955 2675 et
975 2621 1082 2693 quanta
1104 2614 1241 2693 gravitate
1261 2614 1409 2692 Augustus
1431 2614 1479 2676 hic
1499 2615 1546 2676 lo-

202 2726 308 2798 quatur
330 2717 507 2798 expenderit,
530 2735 589 2777 uon
612 2716 728 2796 negabit
753 2715 837 2796 longe
859 2715 943 2778 aliam
965 2735 1026 2778 rem
1043 2726 1073 2778 et
1086 2717 1179 2778 multo
1204 2716 1321 2777 maioris
1344 2717 1485 2778 momenti
1500 2716 1548 2778 bic

203 2819 318 2882 tracturi
341 2837 427 2900 quam
451 2819 564 2899 largitio
585 2822 663 2880 foret
684 2830 779 2900 certae
800 2818 950 2881 cuiusdam
975 2838 1116 2881 summae.
1154 2819 1245 2880 blulto
1267 2819 1358 2899 magis
1380 2820 1456 2899 quod
1474 2828 1547 2881 teste

202 2923 293 2986 Dione
315 2923 378 3004 (qui
400 2923 419 2983 l.
435 2942 460 2984 c.
483 2933 550 3004 post
565 2919 696 2994 ἐδέξατο
712 2922 754 2983 sio
769 2921 874 3003 pergit:
897 2925 951 2984 καὶ
968 2918 1326 3003 §sensusconfundatur
1350 2967 1440 2984 .....
1463 2921 1548 3003 πρὸς
1602 2961 1607 2970 ·

202 3025 260 3108 erin
286 3027 344 3089 τοῦ
373 3027 465 3088 σίτου
495 3023 656 3107 διανομὴν
684 3026 757 3086 κατ’
785 3023 855 3098 ἔτος
884 3020 1071 3105 αἱρεῖσθαι)
1098 3025 1245 3087 adiutores
1266 3025 1296 3086 in
1319 3044 1352 3087 ea
1374 3045 1405 3087 re
1427 3045 1442 3087 a
1466 3025 1548 3107 priu-

202 3131 265 3211 cipe
287 3128 434 3209 adsumpti
457 3129 547 3190 creari
569 3129 663 3210 coepti
679 3138 788 3190 sunta.
806 3128 877 3201 732,
899 3130 1026 3192 declarat
1041 3141 1102 3192 tum
1120 3147 1178 3190 nou
1194 3129 1224 3190 in
1241 3147 1307 3192 eum
1325 3147 1435 3191 annum
1452 3130 1546 3191 solum

203 3250 318 3314 gravem
342 3232 416 3294 hauc
437 3249 537 3293 curam
560 3249 575 3292 a
597 3231 727 3313 principe
742 3242 887 3312 receptam
903 3252 976 3306 esse,
999 3234 1049 3295 sed
1064 3234 1094 3294 in
1110 3243 1294 3315 perpetuum.
1330 3233 1440 3295 Exinde
1461 3234 1549 3314 igitur

202 3335 446 3398 frumentationes
468 3335 595 3396 urbanae
617 3334 694 3396 inter
715 3335 900 3398 liberalitates
923 3337 1070 3399 numerari
1092 3337 1243 3398 desierunt
1265 3371 1304 3380 —-
1327 3335 1384 3398 iam
1401 3337 1478 3398 enirn
1494 3355 1549 3398 an-

203 3457 297 3501 nonae
328 3457 397 3500 cura
427 3436 550 3519 principi
576 3437 705 3499 iniuncta
733 3457 792 3500 uon
819 3449 864 3500 est
889 3439 1044 3502 liberalitas
1070 3459 1123 3521 pro
1150 3439 1300 3503 uoluntate
1328 3440 1468 3512 exhibite,
1498 3440 1550 3502 sed

203 3561 270 3624 pars
292 3541 550 3604 administrationis
572 3541 599 3602 ei
621 3541 803 3608 commissae.
827 3561 919 3623 eoque
943 3544 1032 3623 magis
1053 3544 1129 3623 quud
1153 3544 1216 3605 siue
1232 3543 1324 3606 dubio
1340 3543 1426 3606 simul
1442 3543 1550 3606 tributa

203 3655 281 3708 certe
307 3645 498 3707 frumentaria
524 3645 634 3706 aerario
661 3646 755 3708 adbuc
784 3647 875 3707 soluta
905 3647 935 3708 in
963 3649 1066 3710 liscum
1091 3647 1227 3710 translata
1250 3655 1321 3708 sunt
1342 3647 1494 3727 potuitque
1517 3665 1550 3708 ea

204 3769 272 3812 cura
301 3767 360 3811 uon
386 3767 417 3810 re
443 3751 579 3823 fortasse,
607 3750 657 3810 sed
683 3751 747 3812 iure
776 3749 815 3811 ita
837 3749 1049 3822 administrari,
1079 3759 1112 3811 ut
1134 3751 1269 3831 princeps
1292 3749 1326 3810 de
1349 3768 1403 3810 suo
1425 3749 1498 3810 nibil
1519 3748 1550 3810 in

204 3871 349 3915 annonam
376 3851 558 3934 impenderet
583 3888 625 3898 -
651 3861 681 3914 et
707 3852 904 3914 administrari
930 3863 1047 3935 coeptae
1070 3863 1139 3915 sunt
1160 3871 1212 3934 per
1232 3851 1379 3914 adiutores
1401 3851 1550 3933 principis,

203 3957 239 4019 de
261 3975 387 4037 quorum
409 3956 579 4018 condicione
601 3963 630 4018 et
653 3957 793 4018 electione
817 3957 964 4039 temptatis
987 3976 1039 4038 per
1060 3957 1170 4037 aliquot
1185 3975 1277 4018 annos
1295 3955 1393 4017 multis
1408 3965 1438 4016 et
1452 3955 1550 4016 direr-

205 4060 244 4122 sis
272 4061 388 4122 taudem
417 4062 452 4122 ad
475 4060 659 4122 stabilitatem
684 4070 856 4140 peruentum
885 4071 930 4122 est
951 4060 1110 4124 constituto
1131 4063 1277 4142 praelecto
1299 4077 1431 4121 annonae
1454 4059 1551 4139 equite

204 4161 335 4225 Romano
357 4164 396 4242 (r.
420 4161 591 4226 Stootsrecbt
613 4162 646 4234 2,
670 4161 754 4240 992).

305 4265 362 4328 Sed
392 4268 504 4328 curatio
531 4285 663 4328 annonae
686 4265 818 4340 urbicae,
846 4285 933 4347 quarn
957 4268 1107 4348 Augustus
1129 4265 1177 4327 bic
1203 4267 1367 4346 suscepisse
1389 4283 1420 4326 se
1443 4264 1553 4337 scribit,

135 4395 137 4402 ’
209 4369 328 4432 minime
356 4368 559 4432 continebatur
586 4369 865 4432 frumentationibus
894 4371 972 4452 plebi
1001 4370 1127 4433 urbanae
1153 4368 1307 4430 concessis.
1352 4367 1451 4449 Neque
1474 4368 1553 4430 enim

203 4473 353 4553 pertinent
381 4472 490 4534 adhue
513 4491 586 4553 quae
608 4483 708 4535 narrat
730 4473 783 4536 Dio
800 4474 849 4548 55,
872 4473 913 4536 26
940 4492 1028 4554 agens
1051 4474 1085 4536 de
1108 4491 1223 4535 summa
1245 4472 1364 4534 caritate
1386 4472 1455 4534 anui
1479 4472 1552 4534 759:

205 4571 320 4658 ἄνδρες
353 4571 568 4651 ὕπατευκόιες
602 4576 659 4639 ἐπί
691 4598 725 4638 ee
754 4577 813 4639 τοῦ
839 4579 933 4639 σίτου
960 4578 1015 4638 καὶ
1044 4574 1100 4638 ἐπὶ
1128 4577 1186 4637 τοῦ
1214 4573 1312 4659 ἄρτου
1339 4577 1553 4668 κατέστπᾳαν,

204 4673 286 4740 ὥστε
307 4677 425 4742 τακτὸν
440 4676 566 4761 ἑκάστῳ
583 4677 854 4764 πιπράσκεσθαι·
877 4678 1022 4743 ἐπέδωκε
1044 4677 1103 4762 μὲν
1125 4679 1187 4761 γὰρ
1209 4679 1264 4741 καὶ
1291 4689 1417 4758 προῖκα
1439 4673 1456 4740 ὁ
1484 4675 1554 4740 Αὕ-

204 4797 340 4858 γουστος
361 4791 431 4857 τοις
454 4779 739 4867 σιτοδοτουμένοις
759 4783 916 4847 τοσοῦτον
939 4787 1047 4869 ἕτερον
1070 4777 1150 4846 ὅσον
1171 4777 1223 4845 ἀεὶ
1247 4777 1446 4865 ἐλάμβανον,
1473 4781 1553 4844 etin
