3696 5430
326 367 353 422 X

326 569 385 612 non
406 558 503 630 potest
519 549 559 612 ibi
574 558 675 631 utpote
690 551 721 612 iu
736 551 848 613 colonia
863 550 969 614 civium
985 551 1185 613 Romanorum
1201 551 1389 633 archetypum
1406 569 1522 631 quoque
1538 548 1673 611 Latinum

326 653 394 715 olim
418 653 591 732 prostitisse.
629 654 708 727 Quae
725 653 910 717 monumenti
929 654 1052 734 insignis
1067 654 1182 736 publica
1197 655 1357 736 propositio
1372 653 1588 735 quodammodo
1603 671 1674 715 eou-

326 757 424 818 iuncta
446 766 492 817 est
513 774 580 818 oum
605 775 706 819 eorum
729 757 902 837 oppidorum
927 757 1132 820 caesareorum
1157 759 1217 821 sive
1231 759 1446 838 Augusteonum
1468 755 1673 828 aedificatione,

326 861 362 921 de
384 859 491 939 quibus
507 859 653 921 Caesareis
675 860 706 920 in
729 850 899 921 universum
922 860 1065 924 videndus
1082 870 1127 924 est
1142 861 1282 924 llarinius
1298 862 1376 934 (Arr.
1389 880 1417 941 p.
1430 858 1490 923 383
1504 849 1572 940 sip).
1602 859 1672 921 Nam

325 972 481 1043 postquam
503 983 529 1024 a.
543 962 603 1024 725
619 962 768 1042 Augustus
790 963 914 1025 indulsit
926 964 1050 1038 Asianis,
1075 974 1107 1026 ut
1128 965 1183 1027 sibi
1206 977 1235 1026 et
1258 965 1324 1028 urbi
1338 965 1448 1026 Romae
1469 965 1571 1026 aedem
1594 962 1674 1024 dedi-

326 1075 426 1128 carent
454 1066 600 1145 Pergami,
628 1076 658 1128 et
685 1066 831 1156 bithynie,
862 1075 895 1128 ut
916 1066 1099 1129 Nicomediae
1124 1067 1188 1142 (llio
1211 1069 1261 1140 51,
1284 1067 1341 1142 20;
1362 1067 1452 1129 Tacit.
1467 1085 1537 1128 ann.
1560 1068 1589 1139 4,
1612 1065 1673 1141 37),
1696 1085 1699 1090 ·

324 1169 437 1250 Ancyra
464 1187 581 1248 quoque
605 1168 732 1230 Galatiae
759 1169 929 1250 metropolis
956 1189 1043 1231 suum
1067 1170 1121 1231 sibi
1143 1171 1212 1233 lecit
1233 1173 1446 1253 Sepernates,
1475 1190 1534 1250 quo
1557 1170 1674 1231 nomine

324 1273 486 1352 appellatur
506 1273 536 1333 iu
560 1272 644 1334 titulo
664 1272 756 1353 ipsius
771 1273 851 1334 aedis
866 1283 949 1335 anne
964 1273 1120 1354 inscripto:
1152 1267 1239 1337 ὅπου
1260 1272 1297 1337 τὸ
1313 1269 1500 1355 Σεβαστῆόν
1514 1273 1606 1337 ἐστιν
1620 1271 1673 1334 καὶ

325 1371 344 1458 ἦ
372 1371 554 1458 πανήγυρις
584 1377 726 1454 γείνεται
755 1375 810 1437 καὶ
838 1367 857 1439 o‘
886 1371 1139 1459 iranddoopog¹).
1183 1377 1291 1440 Aedem
1314 1377 1404 1439 luisse
1426 1376 1586 1439 dedicatam
1610 1377 1673 1439 diro

324 1480 456 1560 Augusto
487 1489 517 1541 et
538 1479 603 1541 urbi
626 1479 735 1541 Romae
757 1479 884 1541 declarat
906 1480 1008 1542 titulus
1031 1482 1118 1543 modo
1140 1481 1246 1543 citatus
1268 1480 1491 1560 sicincipiens:
1524 1478 1674 1544 Γαλατῶν

326 1604 385 1645 o..
402 1579 442 1660 (i)
466 1576 704 1664 [ielpnodpevov
727 1584 797 1665 θεῷ
812 1584 968 1667 Σεβαστῷ
990 1583 1045 1645 καὶ
1068 1579 1261 1665 θεᾷῬώμῃ,
1285 1583 1392 1664 quibus
1414 1583 1511 1645 verbis
1533 1583 1675 1646 subicitur

325 1685 461 1747 ludorum
490 1685 646 1748 laterculus
674 1687 709 1748 ad
739 1687 838 1749 aedem
866 1705 930 1748 eam
959 1687 1046 1749 certis
1073 1687 1246 1760 intervallis,
1280 1689 1404 1748 sortasse
1431 1686 1534 1766 quinto
1560 1705 1674 1768 quoque

325 1807 403 1850 anno
433 1789 588 1851 editorum.
615 1825 657 1834 -
686 1789 795 1852 Similis
821 1790 941 1852 omuino
972 1791 1027 1852 luit
1052 1791 1137 1852 aedes
1165 1790 1268 1865 altera,
1296 1809 1383 1870 quam
1407 1790 1463 1852 boc
1484 1790 1579 1852 indice
1604 1809 1675 1852 con-

326 1892 465 1973 scriptam
487 1893 578 1955 fuisse
600 1902 723 1966 constat,
745 1893 1006 1974 Apolloniensium.
1042 1892 1115 1955 Nam
1137 1893 1244 1973 legitur
1264 1892 1306 1954 ibi
1328 1913 1416 1974 supra
1431 1893 1558 1956 indicem
1574 1895 1676 1957 titulus

326 1997 376 2077 qui
404 1998 537 2076 seqnitur
559 1997 602 2072 (G.
619 1997 641 2058 l.
657 1998 705 2058 Gr.
721 2016 751 2058 n.
768 1996 864 2076 3971)
894 2016 954 2059 uon
984 1997 1020 2059 ad
1049 1997 1173 2058 indicem
1204 1998 1369 2078 pertinens,
1397 1998 1448 2060 sed
1470 1997 1562 2078 ipsius
1587 1999 1675 2072 aedis,

326 2107 395 2180 post
421 2099 543 2160 aliorum
574 2100 763 2180 temptamina
785 2120 801 2162 a
823 2095 1047 2180 Wa'ddingtonio
1070 2101 1189 2163 demum
1212 2103 1260 2182 (ad
1284 2102 1346 2182 syll.
1369 2101 1545 2164 Lehasianae
1567 2103 1622 2178 rol.
1637 2102 1676 2164 lll

327 2221 356 2263 u.
375 2203 469 2282 1194)
491 2214 521 2265 et
542 2205 636 2284 perite
658 2203 822 2285 descriptus
844 2213 875 2265 et
896 2203 967 2266 scite
989 2204 1135 2285 expletus:

177 2317 260 2386 [Τοὺς
281 2319 389 2382 κοινοὺς
410 2325 540 2395 σωτῆρας)
553 2326 599 2376 καὶ
612 2323 697 2380 ἰδίους
707 2321 788 2382 θεοὺς
799 2320 956 2389 Σεβοσιοὺς
965 2324 1011 2375 καὶ
1022 2321 1083 2382 τοὺς
1093 2322 1195 2381 παῖδας
1205 2317 1311 2388 αὐτῶν)
1325 2319 1557 2388 [Ἀπολλωνιατῶν
1567 2327 1680 2378 Λυκίων
1693 2323 1707 2377 ὁ
1721 2326 1793 2395 δῆμος

177 2411 258 2477 [Γαίῳ
275 2415 393 2482 Καίσαρι
437 2411 606 2480 lippientes]
653 2413 765 2482 Τιβερίῳ
783 2413 902 2478 Καίσαρι
945 2410 1003 2479 θεῷ
1022 2412 1153 2478 Σεβαστῷ
1192 2410 1253 2478 [θεᾷ
1269 2415 1373 2478 Λιοοίᾳ
1407 2405 1528 2482 Δρούσῳ
1561 2415 1670 2481 Λευκίῳ
1689 2417 1793 2480 Καίσιρ

326 2517 426 2597 ltaque
447 2517 534 2579 aedes
548 2515 762 2598 Apolloniensis
784 2525 813 2578 et
835 2517 897 2597 ipsa
919 2516 975 2578 luit
995 2536 1030 2578 ex
1053 2535 1158 2596 genere
1172 2518 1406 2598 Augusteorum3
1428 2536 1523 2597 neque
1545 2518 1677 2581 absimile

326 2621 388 2682 veri
409 2621 511 2683 eodem
536 2629 677 2701 tempore,
700 2640 759 2701 quo
782 2621 949 2683 Galatarum
973 2640 1130 2684 commune
1151 2622 1182 2683 in
1205 2641 1256 2683 suo
1279 2621 1434 2702 metropoli
1448 2631 1482 2683 ut
1497 2621 1675 2702 Augusteum

326 2724 409 2786 lieret
430 2724 573 2798 decrerit,
596 2723 682 2786 etiam
706 2723 902 2804 Apolloniatas
925 2725 969 2787 rel
995 2725 1020 2786 si
1044 2725 1135 2804 magis
1162 2726 1257 2807 placet
1278 2725 1390 2787 Pisidas
1414 2725 1521 2788 Galatis
1549 2724 1580 2787 in
1607 2744 1677 2806 pro-

327 2921 450 2988 Φρυγίας
471 2913 488 2982 ἡ
509 2913 597 2968 nolles
619 2909 766 2986 Meipytov3
788 2917 879 2968 Strabo
905 2917 944 2978 12,
962 2917 986 2980 8,
1007 2916 1037 2968 13
1056 2934 1079 2983 p.
1098 2917 1157 2984 576)
1184 2924 1210 2967 et
1235 2917 1327 2968 titulus
1350 2917 1386 2969 ibi
1408 2925 1525 2984 repertus
1548 2924 1589 2970 eat
1611 2917 1677 2979 (cl.

327 3003 372 3055 Gr.
385 3005 461 3066 3973)
481 3020 535 3055 cum
553 3019 618 3054 anno
635 3004 774 3069 adscripto,
792 3019 863 3069 quem
877 3001 1049 3068 Waddingtoa
1067 3004 1130 3069 apud
1144 3002 1278 3054 Labasinm
1291 3003 1323 3054 lll
1335 3020 1359 3054 n.
1375 3004 1439 3056 1192
1459 3002 1501 3068 (ci.
1515 3004 1545 3053 ad
1564 3021 1588 3054 n.
1604 3004 1679 3071 1195)

325 3090 495 3157 probabiliter
517 3091 547 3140 ad
567 3089 686 3157 epocham
708 3089 856 3156 provinciae
877 3090 955 3140 Asiae
975 3090 1118 3141 revocarit.
1156 3091 1190 3140 At
1208 3089 1332 3157 Amyntas
1349 3105 1396 3140 rex
1416 3089 1533 3141 Galatiae
1551 3106 1606 3141 cnm
1625 3105 1679 3141 eam

327 3193 405 3240 regno
424 3193 469 3228 sno
488 3176 627 3228 adiecisset
645 3177 747 3236 (Strabo
768 3176 806 3239 12,
825 3177 850 3240 6,
867 3176 884 3226 4
901 3192 925 3242 p.
938 3175 1000 3226 569:
1025 3170 1073 3242 τὴν
1088 3171 1259 3242 Ἀντιόχειαν
1276 3173 1348 3243 ἔχων
1364 3171 1414 3240 τὴν
1430 3171 1501 3244 πρὸς
1518 3177 1550 3248 τῇ
1567 3175 1679 3244 Πισιδίᾳ

325 3265 408 3333 μέχρι
427 3257 641 3319 Ἀπολλωνίοδος
663 3262 710 3326 τῆς
732 3257 802 3332 πρὸς
821 3255 957 3330 Ἀπαμείᾳ
980 3260 1013 3332 τῇ
1035 3259 1151 3327 Κιβωνῷ
1171 3264 1217 3312 καὶ
1238 3261 1283 3326 τῆς
1303 3265 1461 3331 παρωρείου
1482 3258 1542 3314 τινὰ
1565 3263 1611 3313 uoti
1632 3259 1680 3329 τὴν

325 3353 510 3413 Λυκαονίαν),
532 3350 564 3401 ab
587 3367 616 3402 eo
639 3351 698 3402 inde
723 3356 836 3416 tempora
854 3347 967 3399 Pisidiae
990 3347 1115 3399 attributa
1144 3365 1203 3415 pars
1228 3349 1321 3400 mansit
1343 3348 1491 3414 provinciae
1510 3349 1629 3402 Galatiae
1647 3365 1679 3400 ax

327 3451 406 3501 regno
426 3437 471 3488 illo
490 3437 594 3488 allectae
613 3436 782 3503 (Ptolemaeus
801 3438 824 3498 5,
843 3436 869 3499 4,
889 3438 932 3496 113
957 3433 1097 3501 Stephanus
1120 3435 1180 3503 Byz.
1198 3449 1219 3486 a.
1239 3449 1277 3486 v.:
1302 3426 1334 3494 ιζ’
1352 3431 1481 3492 Πισιδίιις
1505 3433 1521 3500 ἡ
1544 3432 1681 3506 πρότερον

326 3519 507 3594 Μορδιάιον).

427 3609 448 3675 ¹)
466 3607 493 3659 C.
512 3608 530 3660 l.
550 3610 593 3661 Gr.
612 3609 679 3661 4039
698 3609 793 3661 additis
811 3609 845 3660 iis
865 3624 927 3674 quae
946 3609 976 3660 de
994 3609 1105 3660 lectione
1124 3607 1276 3659 observavit
1289 3605 1413 3659 Perrotus
1424 3608 1490 3676 erepl.
1502 3609 1571 3660 ared.
1587 3625 1610 3676 p.
1624 3609 1680 3660 261.

328 3697 400 3764 Apud
418 3695 549 3762 losephuna
568 3703 628 3760 taut
651 3696 688 3756 16,
701 3696 725 3760 6,
740 3696 765 3762 2)
783 3699 809 3749 in
828 3697 926 3749 decreti
945 3695 1055 3761 Augusti
1073 3695 1172 3746 verbis:
1197 3690 1226 3746 la
1242 3685 1434 3761 Interpromium
1451 3688 1527 3760 τόπῳ
1542 3695 1682 3762 γενηθέντι

326 3801 377 3852 μοι
392 3779 450 3834 ὑπὸ
467 3783 516 3835 τοῦ
534 3781 629 3834 κοινοῦ
645 3783 690 3847 τῆς
701 3779 793 3840 Ἀσίας
806 3782 835 3836 ίν
849 3777 966 3854 ’Λργὺρῃ
979 3789 1049 3832 reete
1062 3782 1160 3832 monuit
1172 3780 1319 3832 Ghislmllns
1332 3797 1355 3846 p.
1371 3781 1419 3833 166
1432 3782 1570 3832 cavendum
1583 3795 1639 3832 esse
1651 3781 1682 3830 ab

329 3871 505 3922 emendatione
528 3870 694 3934 Scaliger-ana
719 3869 794 3920 hodie
817 3877 920 3935 recepta
944 3865 973 3920 n
989 3861 1115 3939 Ἀγκύρῃ
1146 3868 1327 3934 expectandum
1351 3876 1421 3920 certe
1446 3869 1471 3919 id
1495 3869 1560 3934 qnod
1584 3851 1682 3918 Potitius

327 3960 467 4010 restituere
486 3972 564 4007 ausus
582 3964 624 4008 eat
640 3956 670 4008 εν
687 3950 829 4026 Περγάμῳ
847 3956 917 4018 (Tac.
930 3971 987 4006 ann.
1001 3955 1025 4016 t,
1038 3955 1069 4004 37
1089 3954 1136 4018 ο1.;
1155 3955 1301 4021 νεμηθεντι
1313 3983 1345 3992 -
1357 3952 1387 4008 ἐν
1398 3947 1548 4022 πανηγύρει
1562 3954 1683 4019 Bergkius

326 4062 350 4112 p.
364 4047 377 4095 7
398 4061 421 4096 o.
442 4046 476 4110 7).
501 4045 637 4096 Decretum
655 4043 784 4110 pertinere
802 4043 833 4095 ad
846 4041 933 4092 Asiam
947 4041 1104 4109 provinciam
1119 4055 1148 4090 eo
1160 4040 1241 4104 magis
1254 4048 1363 4104 constat,
1381 4043 1445 4107 quod
1459 4042 1486 4092 iu
1499 4055 1528 4090 eo
1542 4041 1685 4091 nominatur

328 4132 354 4182 C.
369 4133 483 4184 Marcios
501 4132 655 4184 Censorinus
675 4133 708 4194 (v.
724 4129 896 4194 Woddiugton
908 4129 1000 4195 scalea
1017 4127 1061 4178 dea
1082 4142 1152 4195 pron.
1171 4128 1218 4177 As.
1237 4144 1261 4194 p.
1274 4127 1323 4178 669
1346 4134 1372 4178 et
1389 4127 1455 4178 inira
1474 4145 1497 4194 p.
1513 4129 1579 4190 171).
1611 4127 1683 4179 Cete-

328 4236 383 4272 rum
410 4221 511 4284 insigne
538 4219 665 4270 decretum
689 4219 715 4268 in
740 4217 850 4281 Augusti
873 4216 993 4266 bonorem
1016 4211 1110 4264 facturn
1133 4230 1147 4264 a
1171 4213 1285 4280 Lesbiis,
1312 4214 1377 4280 quod
1400 4214 1533 4282 Mytilenis
1556 4221 1683 4281 repertum

327 4307 408 4357 edidit
426 4306 535 4356 Conuiuas
553 4304 637 4371 (liniae
652 4307 706 4371 eus
719 4303 765 4354 dar·
781 4303 852 4354 Inael
868 4299 961 4352 Laadoa
978 4303 1030 4354 aab.
1050 4317 1103 4366 ιιι,
1126 4299 1299 4369 imperfectum
1318 4300 1414 4366 legitor
1432 4300 1458 4352 G.
1474 4299 1491 4352 l.
1510 4299 1555 4352 Gr.
1574 4302 1639 4355 2167
1649 4300 1685 4362 εί),

328 4394 398 4444 aedis
422 4407 519 4460 qnoque
543 4392 616 4443 illins
634 4391 804 4456 Pergamenae
827 4390 940 4440 meminit
958 4390 1010 4440 aie:
1029 4383 1175 4442 daedalum
1196 4386 1225 4440 dt
1243 4387 1349 4453 deicola
1366 4425 1452 4440 .....
1471 4387 1501 4442 ἐν
1517 4389 1555 4456 τῷ
1573 4387 1630 4454 ναῷ
1649 4385 1685 4453 τῷ

328 4479 597 4547 κοιασκ]εναζομίνῳ
619 4478 730 4542 (scilieet
751 4492 814 4543 qnae
834 4475 999 4543 aedificatum
1082 4486 1280 4529 εΥΑΣοεοεΝα
1298 4475 1420 4539 traditur,
1438 4475 1582 4526 emendavit
1601 4474 1686 4526 Wila-

328 4565 482 4627 mowitaiue)
509 4563 601 4631 aynau
627 4559 682 4615 ὑπὸ
708 4564 756 4629 τῆς
781 4559 868 4620 Ἀσίας
895 4561 925 4614 ἐν
951 4552 1089 4634 Περγάμῳ
1116 4563 1170 4626 κοι[2
1195 4560 1233 4626 ἐν]
1253 4596 1397 4613 .........
1408 4578 1429 4629 ῳ
1454 4562 1500 4612 κα)
1524 4554 1617 4626 Ἀκτίῳ
1640 4561 1687 4611 κα)

328 4654 482 4721 Βρεντεσίῳ
500 4652 548 4702 καὶ
561 4643 738 4724 Τορρἇ)ν]οινι
756 4652 801 4702 καὶ
812 4650 990 4716 Menocrito?
1009 4685 1172 4701 ..........
1191 4649 1236 4699 κο)
1247 4645 1424 4715 ἈῙνιιοχΙείΙᾳ
1442 4643 1513 4719 πρὸς
1530 4648 1562 4717 τῇ
1575 4643 1685 4718 Δοέῳνῃ.

329 4741 443 4806 Apparet
466 4737 638 4806 Mytilenaeos
661 4737 757 4789 decreti
780 4737 820 4788 sni
842 4737 956 4803 exempla
982 4736 1087 4802 proponi
1110 4736 1218 4787 iussisse
1238 4735 1346 4786 maxima
1364 4735 1391 4786 in
1410 4734 1534 4801 portibus,
1553 4735 1578 4784 in
1597 4733 1686 4801 quibus

330 4825 536 4892 frequentissime
555 4831 729 4876 versarentur.
