3656 5434
344 389 406 451 142
949 383 995 451 VI,
1015 385 1084 440 6-8

334 535 391 626 boc
421 564 553 628 Norisius
581 566 689 646 (cenot.
718 565 778 626 Pis.
801 584 829 645 p.
849 566 918 626 157.
934 565 1009 645 3112)
1037 564 1150 627 rettulit
1181 564 1216 626 ad
1239 583 1265 625 a.
1282 563 1354 634 746,
1384 560 1617 622 Sanclementius
1638 562 1686 642 (de

336 689 418 732 aerae
447 671 522 752 vulg.
549 671 664 732 emend.
692 691 720 752 p.
737 669 811 746 338)
839 671 874 731 ad
896 689 922 732 a.
939 671 1000 731 744
1027 680 1057 732 61
1085 669 1160 731 circa
1189 669 1244 730 boc
1272 676 1387 748 tempus
1415 666 1544 728 evenerit
1569 685 1686 728 6666666

336 782 390 835 661.
440 775 478 836 ht
508 774 547 837 ll.
570 774 639 836 Titii
669 773 882 836 administratio
915 773 1014 854 Syriae
1041 773 1066 835 si
1096 772 1247 834 referenda
1276 782 1321 834 est
1348 771 1384 834 ad
1416 791 1442 835 a.
1469 772 1585 835 circiter
1617 773 1686 845 746,

336 877 397 939 6661
419 897 478 939 666
500 887 614 958 potest,
636 888 670 940 61
690 877 797 938 liberos
820 877 915 957 regios
937 878 1080 960 acceperit
1100 877 1223 950 67341
1251 895 1320 938 nam
1343 896 1396 958 per
1417 876 1570 938 duodecim
1593 897 1686 939 annos

335 981 460 1042 eundem
489 981 639 1043 hominem
669 981 766 1062 Syriae
794 981 968 1061 praefuisse,
997 981 1074 1062 quod
1098 981 1201 1043 statuit
1223 979 1454 1042 Sanclementius
1478 980 1554 1057 (1.6.
1575 1001 1603 1062 p.
1626 981 1685 1042 330

336 1087 409 1164 sq),
444 1084 605 1146 secundum
640 1103 685 1158 ea,
720 1103 793 1163 quae
830 1085 866 1145 de
896 1084 1018 1164 Augusti
1056 1084 1271 1165 provinciarum
1314 1083 1567 1146 administratione
1602 1103 1684 1146 aoce-

335 1186 447 1266 pimus,
480 1187 601 1248 minime
632 1186 781 1268 probabile
812 1195 864 1248 est.
912 1186 1033 1248 Nummi
1061 1187 1197 1268 deinceps
1226 1185 1404 1268 quicumque
1433 1187 1580 1250 celebrant
1606 1187 1685 1267 signa

335 1301 449 1371 recepta
482 1291 669 1371 captivosque
699 1289 841 1365 redditos,
873 1309 1033 1369 numquam
1064 1307 1131 1352 cum
1161 1290 1196 1352 iis
1225 1290 1341 1352 obsides
1370 1290 1464 1370 regios
1495 1301 1683 1372 componunt

335 1393 442 1455 Contra
475 1395 633 1457 videndum
660 1413 733 1457 num
760 1394 819 1455 huc
846 1403 957 1474 spectet
983 1412 1126 1456 nummus
1154 1393 1274 1472 1116111161
1296 1393 1325 1468 6,
1350 1395 1424 1469 1111;
1447 1393 1545 1456 Cohen
1568 1393 1640 1474 hug.
1656 1413 1684 1455 n.

338 1498 515 1578 174-176)
542 1498 643 1560 6616116
672 1497 821 1577 aliquanto
848 1497 1032 1577 posterioris,
1060 1498 1169 1561 scilicet
1195 1507 1314 1578 propter
1333 1497 1508 1579 inscriptum
1533 1503 1600 1578 bap.
1619 1517 1687 1558 ann

335 1619 424 1663 ausus
453 1600 529 1663 inter
551 1621 576 1664 a.
592 1601 654 1664 746
681 1610 711 1664 61
733 1601 793 1663 755
817 1605 855 1676 (v.
872 1620 900 1680 p.
919 1602 984 1677 15),
1015 1601 1045 1662 16
1071 1620 1130 1681 666
1159 1601 1289 1664 cernitur
1316 1601 1360 1662 vir
1386 1601 1538 1684 chlamyde
1564 1601 1685 1662 restitus

334 1704 466 1784 Augusto
495 1707 525 1767 in
548 1717 685 1787 suggestu
708 1705 820 1768 sedenti
842 1723 967 1785 puerum
991 1705 1125 1766 61166666.
1168 1704 1404 1786 interpretationi
1432 1724 1506 1786 quae
1529 1713 1632 1786 sponte
1654 1723 1685 1764 se

335 1807 420 1870 offert
448 1808 496 1870 hic
523 1810 734 1889 repraesentari
761 1808 915 1870 Phraatem
943 1807 1049 1870 liberos
1076 1808 1237 1871 tradentem
1268 1817 1297 1869 et
1323 1807 1448 1890 tempori
1474 1826 1592 1888 quoque
1619 1817 1684 1888 apta

335 1919 397 1984 est,
426 1911 523 1973 obstat
551 1931 621 1973 sane
647 1912 725 1992 quod
756 1911 879 1974 restitus
906 1911 960 1973 riri
987 1911 1127 1974 madentis
1156 1931 1216 1974 non
1245 1920 1291 1974 est
1318 1911 1467 1974 sollemnis
1493 1912 1683 1984 Parthorum

335 2020 365 2072 at
397 2029 456 2072 non
489 2013 581 2093 magis
607 2023 685 2076 recte
714 2014 818 2096 opinor
844 2014 998 2076 Eclrbelius
1026 2017 1204 2077 Germanum
1232 2034 1300 2078 eum
1329 2035 1393 2077 esse
1421 2015 1584 2090 contendit,
1617 2034 1683 2077 cum

336 2124 569 2195 repraesentetur
597 2136 657 2178 non
679 2118 750 2180 certi
772 2117 872 2198 populi
894 2118 1017 2180 restitus
1043 2119 1135 2192 61166,
1165 2118 1215 2180 666
1239 2120 1361 2182 deorum
1384 2119 1565 2199 heroumque
1587 2117 1682 2198 specie

334 2215 380 2277 rir
411 2226 559 2298 praeterea
591 2220 687 2282 66666
722 2221 903 2303 chlamydem
938 2242 1040 2285 umero
1072 2231 1175 2304 gestet.
1219 2223 1342 2285 llanime
1367 2232 1466 2285 autem
1498 2230 1597 2284 moret
1623 2239 1683 2282 non

335 2327 394 2380 1661
422 2321 498 2401 quod
527 2340 624 2402 regem
658 2333 791 2386 exterum
828 2326 941 2387 nullum
975 2325 1082 2388 liberos
1114 2326 1149 2388 ad
1177 2325 1341 2406 Augustum
1377 2327 1491 2388 misisse
1524 2325 1682 2387 memoriae

335 2423 473 2486 traditum
502 2435 548 2488 est
569 2437 684 2506 praeter
705 2427 860 2502 Phraaten,
888 2448 956 2491 nam
986 2431 1013 2492 16
1041 2429 1137 2511 ipsum
1166 2429 1252 2491 etiam
1281 2429 1373 2509 reguli
1401 2429 1449 2492 alii
1472 2429 1610 2491 Germani
1637 2427 1682 2488 rel

333 2526 464 2588 Britanni
490 2531 584 2590 lacere
612 2539 771 2610 potuerunt
797 2551 852 2593 666
877 2533 1033 2613 quicquam
1057 2534 1092 2595 66
1115 2553 1147 2594 66
1170 2551 1201 2594 re
1223 2533 1376 2596 annalibus
1397 2532 1507 2594 nostris
1530 2531 1681 2604 contineri,

333 2631 383 2692 sed
406 2631 484 2710 quod
506 2651 521 2692 a
544 2631 634 2693 solida
657 2634 781 2714 Augusti
803 2636 1016 2716 magnificentia
1038 2638 1176 2700 abhorret
1197 2636 1321 2700 similem
1345 2635 1528 2699 traditionem
1550 2634 1682 2696 nummis

333 2734 528 2796 concelebrari
550 2738 654 2797 factam
678 2737 714 2797 ab
736 2737 832 2818 aliquo
854 2758 889 2800 er
911 2741 989 2819 regia
1012 2741 1103 2822 plebe.
1142 2739 1261 2802 Videtur
1281 2739 1369 2820 igitur
1384 2738 1601 2802 huiusnummi
1616 2757 1682 2798 cae-
1787 2733 1788 2736 ’

333 2837 406 2897 lator
434 2855 494 2899 non
524 2847 582 2900 tam
612 2838 647 2900 de
669 2839 777 2902 Partho
799 2843 940 2922 cogitasse
962 2861 1048 2924 qoam
1072 2844 1108 2906 de
1130 2852 1266 2907 extraneo
1289 2854 1318 2906 et
1339 2844 1395 2905 hoc
1416 2843 1541 2906 maxime
1564 2851 1682 2904 secutus

332 2959 410 3011 6666,
440 2951 474 3002 61
501 2951 582 3021 togae
614 2953 809 3024 opponeretur
836 2947 974 3028 chlamys.
1019 2947 1159 3010 Similiter
1189 2947 1318 3021 omnino,
1347 2957 1380 3008 61
1407 2945 1571 3008 observavit
1590 2945 1681 3007 lulius

332 3043 550 3118 Friedlaender,
583 3047 614 3107 in
648 3047 778 3109 nummis
805 3049 921 3111 Traiani
953 3050 1101 3132 inscriptis
1133 3069 1221 3132 raquo
1248 3051 1397 3131 adsignata
1424 3059 1454 3113 et
1479 3067 1534 3112 reo
1561 3049 1683 3110 Parthus
1788 3115 1789 3118 ,

333 3147 445 3227 (Colren
468 3147 544 3208 Trai.
566 3167 594 3210 n.
615 3149 687 3210 324.
703 3150 777 3226 329)
800 3169 883 3231 reges
909 3153 1001 3213 exteri
1027 3161 1057 3214 et
1084 3153 1115 3214 16
1141 3154 1188 3215 1116
1209 3154 1336 3216 Parthus
1358 3154 1475 3214 brevem
1500 3152 1681 3232 chlamydem

332 3251 424 3312 solam
446 3260 568 3330 gestant.
591 3287 631 3297 -
654 3252 783 3333 Denique
806 3254 885 3334 quod
900 3255 1037 3317 Horatius
1052 3255 1177 3318 iocatur:
1200 3262 1330 3319 moeniae
1345 3257 1456 3319 Parthis
1470 3255 1636 3318 mendacior
1650 3255 1681 3315 in

332 3354 565 3435 66161616(2,1,
590 3355 661 3432 112)
688 3357 796 3437 scripta
818 3377 843 3418 6.
860 3377 885 3419 6.
902 3359 977 3433 741,
1008 3359 1105 3440 661166
1132 3360 1235 3440 opinor
1256 3380 1345 3440 qoam
1371 3360 1406 3422 ad
1435 3358 1586 3441 perfidiam
1614 3357 1681 3419 belli
1788 3389 1789 3454 y

333 3457 478 3519 Crassiani
505 3461 647 3520 reseretur
673 3460 708 3522 ad
735 3461 889 3523 discidium
918 3462 1063 3541 quoddam
1086 3472 1153 3544 post
1174 3464 1285 3526 reddita
1308 3465 1388 3544 signa
1417 3463 1495 3526 inter
1516 3465 1679 3543 Augustum
1788 3459 1789 3484 ¹

333 3571 362 3623 61
383 3561 537 3624 Phraatem
564 3573 665 3625 natum
693 3573 723 3626 et
749 3565 876 3647 sopitum
907 3567 1010 3628 661666
1040 3565 1191 3628 obsidibus
1216 3567 1315 3630 liberis
1343 3568 1441 3631 missis
1467 3568 1680 3648 (6666661-

333 3666 417 3745 posui
440 3665 469 3728 in
494 3665 617 3729 llermae
639 3668 694 3729 rol.
713 3669 751 3730 15
773 3669 903 3750 6106).

410 3873 546 3948 16666
573 3871 777 3955 Plurimaeqoe
804 3874 876 3937 aliae
904 3883 1004 3956 gentes
1030 3879 1174 3957 exper[toe
1204 3887 1270 3938 suat
1303 3876 1504 3959 6111616661
1527 3895 1575 3938 me
1595 3877 1680 3958 prin-

531 3995 544 4038 6
574 3972 660 4056 16166,
695 3977 803 4058 quihus
841 3979 925 4040 66166
964 3997 1032 4040 cum
1074 3979 1181 4060 popolo
1215 3979 1354 4059 11666616
1389 3981 1502 4043 nultum
1536 3982 1680 4057 6611166611

532 4095 547 4140 6
572 4078 749 4158 legationum
770 4083 824 4164 161
845 4081 988 4144 amicitiae
1009 4082 1245 4160 [clommercium.
1268 4083 1309 4166 §l

365 4200 410 4244 oa.
429 4181 477 4255 17,
500 4198 547 4244 as
576 4177 725 4245 11161666
755 4205 790 4246 τε
820 4181 904 4247 ἄλλα
939 4181 1021 4268 ἔθνη
1057 4193 1178 4268 πεῖραν
1207 4183 1351 4267 idealiter
1382 4184 1489 4271 δήμου
1512 4183 1680 4270 Ῥωμαίων

521 4305 547 4348 to
573 4287 715 4360 πίστεως
737 4284 790 4348 ἐπ’
813 4281 893 4369 ἐμοῦ
916 4285 1085 4373 ἡγεμόνος,
1110 4287 1115 4372 Ι
1142 4287 1191 4363 οἷς
1213 4288 1250 4352 τὸ
1274 4290 1353 4371 πρὶν
1375 4286 1513 4372 6666616
1535 4285 1575 4374 ἦν
1596 4285 1680 4372 πρός

521 4407 544 4451 11
573 4386 680 4472 δῆμον
698 4385 867 4472 Ῥωμαίων
889 4389 1103 4476 61661616166616
1125 4392 1179 4454 καὶ
1203 4389 1318 4477 φιλίας
1340 4391 1515 4470 6616616ίαῖ.

332 4491 430 4554 Loth
452 4491 530 4554 inter
550 4511 637 4572 snper
659 4493 792 4575 61116666
814 4513 881 4558 cum
905 4496 1107 4559 desiderentur
1128 4496 1241 4560 litterae
1262 4515 1322 4558 non
1344 4498 1410 4579 plus
1432 4517 1459 4571 n,
1485 4498 1570 4579 posui
1588 4497 1678 4578 611,

332 4614 402 4656 sane
423 4595 542 4656 inritus.
566 4631 607 4640 —
628 4595 702 4658 ltem
725 4598 744 4659 7
767 4617 834 4660 cum
856 4599 954 4663 hiatus
976 4599 1160 4662 absorbuerit
1180 4599 1290 4662 litteras
1312 4620 1337 4662 6.
1353 4619 1410 4674 rvr,
1431 4601 1510 4681 qood
1525 4620 1677 4683 posueram

330 4699 444 4760 6611666
472 4700 658 4763 intercedebat
684 4699 809 4780 ru'mium
836 4711 894 4776 est,
924 4703 1002 4782 quod
1025 4703 1165 4784 Berglrius
1196 4703 1309 4765 6611666
1338 4706 1450 4784 sumet,
1479 4722 1538 4766 noo
1561 4705 1677 4766 66111611

332 4802 415 4875 Quod
438 4801 513 4876 dedi,
534 4802 627 4865 suasit
648 4803 894 4869 Wilamowitzius.
