3696 5430
1463 378 1560 439 XXIII

247 557 304 626 5,r
335 573 415 616 maro
471 555 573 636 pacaui
630 575 645 616 1
703 556 899 636 praedonibus
954 601 1241 618 ..........
1297 557 1432 620 domibus

355 657 417 719 suis
476 704 639 720 ......
702 667 803 721 contra
861 679 924 722 rem
985 705 1558 722 ...................

271 968 326 1041 6,ι
356 966 432 1047 regis
465 968 637 1048 parthorum
673 1014 1558 1032 .............................

318 1089 330 1130 a
357 1089 374 1132 1
403 1089 450 1132 me
488 1080 589 1150 gentes
612 1119 618 1133 .
644 1119 650 1133 .
675 1119 681 1132 .
706 1119 713 1134 .
737 1073 855 1135 thorum
878 1082 908 1135 et
938 1073 1091 1135 medorum
1116 1118 1557 1136 ...............

300 1193 327 1237 11
354 1173 383 1236 in
423 1176 576 1237 consulatu
610 1222 1557 1238 ...............................

601 1551 637 1612 ll.
673 1551 936 1615 uossotvtltvvtt
956 1550 1171 1613 nxtnvnvtt.

309 1689 410 1753 Daniel
424 1691 535 1753 Cosson
558 1698 703 1752 mercator
724 1689 842 1752 natione
858 1690 983 1752 Batavus
999 1689 1085 1752 Leida
1101 1689 1252 1764 oriundus,
1275 1709 1327 1770 per
1343 1689 1451 1752 multos
1466 1709 1559 1753 annos

211 1794 352 1874 Smyrnae
374 1794 480 1873 degens
503 1793 601 1874 ibique
623 1813 649 1855 a.
674 1792 754 1854 1689
777 1793 949 1855 interiectus
971 1811 987 1853 a
1009 1791 1120 1873 piratis,
1144 1792 1221 1854 tituli
1241 1793 1385 1874 hncprani
1406 1812 1559 1873 compara-

210 1898 251 1958 vit
272 1896 328 1958 sibi
349 1897 534 1977 exemplum,
557 1896 634 1977 quod
657 1916 672 1958 1
695 1916 753 1977 quo
776 1908 929 1977 exceptum
954 1883 1001 1970 sit,
1023 1895 1189 1976 ignoratum
1218 1895 1283 1976 ipsc
1304 1895 1382 1958 enim
1406 1915 1466 1958 non
1488 1897 1559 1958 adiit

208 2002 350 2082 Ancyram
374 2002 414 2080 (v.
437 2000 602 2062 Gronovius
629 2000 705 2062 libro
733 2019 801 2061 mox
823 1999 939 2062 citando
961 2018 989 2079 p.
1006 1997 1069 2080 35).
1113 1999 1146 2059 ld
1167 1999 1245 2061 inter
1267 1999 1383 2063 schedia
1406 2000 1469 2063 eins
1492 2011 1559 2082 post

209 2104 321 2166 obitum
346 2113 495 2184 repertum
527 2103 648 2166 edididit
669 2103 790 2166 lacobus
813 2102 977 2165 Gronovius
1005 2101 1035 2163 in
1057 2107 1195 2165 meanto
1218 2101 1392 2166 Creontem
1414 2103 1474 2166 sive
1496 2104 1558 2166 llo-

208 2207 291 2270 m'eiis
315 2207 442 2270 Cosconii
461 2213 519 2271 oa‘to
543 2207 692 2288 (Lugduni
707 2207 769 2268 Bat.
788 2193 878 2269 1695.
902 2208 930 2267 4.
953 2225 999 2286 pp.
1019 2206 1090 2280 159)
1114 2225 1142 2286 p.
1160 2205 1294 2268 57-68,
1330 2207 1462 2269 Alterum
1486 2227 1558 2289 apo·
1664 2244 1667 2250 ·

208 2311 352 2391 graphum
383 2312 497 2392 repperi
519 2310 613 2391 llagae
642 2313 718 2373 inter
745 2311 866 2372 schedas
888 2310 1007 2390 Copori,
1037 2310 1093 2371 hoc
1122 2309 1247 2371 maxime
1270 2317 1420 2390 praestans
1443 2311 1558 2374 Grono-

208 2415 307 2488 viano‚
336 2414 414 2494 quod
441 2414 482 2476 ihi
512 2423 686 2494 separantur
707 2433 810 2476 versus
838 2413 1023 2474 aGronovio
1051 2412 1222 2475 continuati.
1266 2412 1299 2475 ln
1329 2415 1407 2476 varia
1434 2415 1557 2478 lectione

207 2517 328 2580 alterius
358 2517 455 2580 utrius
482 2517 608 2598 exempli
639 2536 746 2579 naevos
773 2517 936 2596 singulares
962 2525 992 2578 et
1018 2535 1053 2577 er
1081 2516 1171 2578 altero
1199 2515 1333 2598 exemplo
1361 2517 1558 2581 emendandos

208 2622 382 2702 plerumque
404 2618 501 2683 omisi.
544 2619 717 2701 Exemplum
741 2621 954 2683 Gossonianum
981 2637 1159 2701 quamquam
1183 2619 1304 2682 minime
1326 2620 1437 2682 honum
1461 2631 1558 2685 tamen

208 2733 336 2807 praestat
356 2723 575 2804 Busbcquian03
598 2743 667 2786 nam
690 2734 720 2786 et
741 2743 815 2804 quae
837 2724 867 2785 in
890 2725 946 2786 hoc
968 2731 1076 2797 extant,
1099 2724 1129 2786 in
1153 2724 1333 2787 Gossoniauo
1355 2724 1501 2787 hahentur
1522 2726 1557 2787 ad

207 2828 333 2909 lapidem
356 2828 523 2901 amendata,
546 2837 576 2888 et
597 2827 764 2890 adiciuntur
786 2837 884 2908 partes
906 2827 960 2889 hae
985 2829 1017 2901 1,
1034 2827 1148 2889 5-27.
1170 2829 1206 2902 4,
1219 2827 1354 2890 30-33.
1371 2829 1405 2902 5,
1421 2827 1557 2890 29-47.

209 2932 342 3012 Repetite
364 2940 435 2993 sunt
456 2931 651 2993 additamenta
674 2929 850 2993 Cossoniana
873 2930 902 2991 in
926 2930 1057 3012 corporis
1079 2931 1248 2993 Gruteriani
1270 2930 1397 2994 editione
1419 2932 1556 2994 secunda.

537 3203 586 3264 lll.
620 3202 989 3266 rovtttvsvovtvtttvvu
1011 3201 1226 3264 EXEMPLVM.

307 3344 361 3405 los.
384 3341 483 3405 Pitton
505 3342 541 3404 de
562 3342 741 3404 Toometort
762 3342 833 3404 dum
856 3345 940 3404 iussu
962 3341 1038 3422 regis
1062 3341 1201 3404 Ludovici
1219 3341 1284 3404 XIV
1306 3340 1448 3405 orientem
1471 3361 1557 3424 pera-

207 3456 285 3527 grat,
313 3465 338 3507 1.
357 3445 436 3507 1701
459 3446 604 3526 Ancyram
631 3445 703 3507 adiit
728 3444 853 3525 indeque
881 3446 994 3508 rettulit
1015 3445 1218 3508 commentarii
1240 3445 1362 3508 huiusce
1390 3447 1556 3527 exemplum
1589 3519 1591 3526 y

207 3551 246 3612 ita
269 3553 393 3623 lactum,
424 3557 457 3611 ut
477 3549 519 3610 ait
540 3549 617 3630 apud
639 3548 829 3611 Edmundum
852 3549 984 3611 Chishnll
1007 3549 1048 3626 (in
1071 3548 1296 3628 antiquitatibus
1317 3549 1450 3612 Asiaticis
1472 3550 1557 3613 editis

207 3653 343 3715 Londinii
368 3652 448 3715 1728
471 3671 500 3733 p.
519 3653 607 3732 171),
636 3661 670 3715 ut
690 3652 826 3715 versiculi
847 3651 1008 3726 versiouhs,
1031 3651 1151 3714 lacunae
1171 3652 1293 3728 lacunis,
1317 3654 1449 3716 mutilata
1470 3655 1557 3717 verba

207 3756 348 3819 mutilatis
381 3756 606 3838 responderent,
638 3755 727 3835 idque
756 3757 858 3818 eodem
887 3775 964 3818 anno
993 3764 1117 3818 exeunte
1140 3756 1281 3837 Smyrnae
1306 3756 1466 3820 Ghishullio
1496 3765 1557 3819 tra·

207 3859 280 3922 didit
302 3859 378 3942 typis
401 3859 426 3922 si
448 3859 595 3922 videretur
615 3859 771 3940 aliquando
793 3860 997 3940 evulgandum.
1028 3861 1092 3941 lpse
1114 3859 1155 3922 ait
1174 3860 1206 3922 in
1221 3861 1354 3941 epistula,
1376 3879 1464 3940 quam
1480 3861 1557 3924 inter

207 3963 417 4026 schediasmata
438 3963 502 4026 eius
517 3963 650 4026 Parisino
672 3963 802 4044 repperit
817 3963 988 4036 Sohaemus,
1011 3963 1119 4044 scripta
1141 3965 1159 4025 d
1179 3963 1234 4026 Mr.
1251 3965 1276 4026 ie
1295 3967 1419 4045 premier
1432 3965 1557 4027 midinis

208 4067 348 4148 Smyrnae
375 4068 403 4128 d.
427 4067 456 4128 6.
479 4067 539 4129 lan.
566 4065 663 4142 1702,
696 4067 882 4148 Ancyranum
915 4066 971 4128 iter
1003 4085 1158 4129 enarrans:
1194 4065 1224 4129 la
1255 4069 1299 4128 oie
1327 4067 1360 4128 de
1390 4067 1557 4148 i’empereur

206 4169 328 4252 loprote
350 4181 390 4233 est
410 4172 493 4234 darie
513 4190 566 4232 scr
588 4169 628 4233 les
648 4171 797 4233 marcillac
820 4172 859 4233 dc
877 4188 1005 4252 moeros
1020 4170 1089 4233 d'mv
1104 4171 1204 4252 temple
1228 4170 1260 4232 de
1276 4171 1404 4240 mordre,
1428 4172 1495 4232 dont
1517 4172 1557 4234 ies

206 4277 306 4336 radies
327 4283 389 4336 11111
411 4274 466 4336 tris
489 4273 589 4346 bellem
613 4274 676 4354 jen
698 4293 735 4354 cp
756 4275 833 4355 copti
858 4294 887 4336 ce
909 4294 962 4356 pue
984 4275 1009 4336 le
1031 4285 1118 4355 teraps
1141 4294 1159 4335 c
1182 4276 1313 4356 e'porpue'.
1350 4273 1383 4336 ln
1406 4273 1555 4336 itinerario

206 4376 283 4439 edito
306 4377 440 4452 (relation
462 4377 531 4440 d’cn
545 4397 649 4459 ooycpe
672 4378 712 4439 do
726 4377 840 4440 moena
857 4378 938 4460 hyon
956 4379 1036 4439 1717
1052 4378 1108 4440 vol.
1125 4377 1143 4439 3
1166 4399 1195 4459 p.
1211 4377 1286 4456 317)
1302 4377 1402 4440 aedem
1420 4377 1556 4440 describit

205 4491 236 4543 11
267 4489 382 4561 portam
414 4489 614 4562 repraesentat
635 4501 701 4544 aere
734 4501 901 4563 expressam
946 4481 1023 4561 (vide
1057 4500 1146 4562 supra
1178 4501 1206 4563 p.
1228 4481 1297 4561 mr),
1333 4481 1554 4562 inscriptionem

205 4585 315 4647 addens
348 4585 455 4647 editam
488 4605 552 4648 esse
584 4587 662 4667 apud
693 4587 852 4649 Gruterum
885 4593 915 4647 et
948 4584 1135 4647 Gronovium.
1184 4585 1337 4648 Praeterea
1363 4585 1394 4647 in
1422 4585 1556 4666 exemplo

205 4688 364 4751 memoriae
386 4689 581 4752 Gossonianae
611 4689 667 4752 lac.
690 4691 843 4765 Gronovii,
872 4687 950 4770 quod
980 4688 1037 4750 tuit
1058 4687 1127 4750 olim
1151 4687 1330 4769 Spanhemii,
1353 4706 1433 4749 nunc
1455 4696 1501 4750 est
1525 4689 1556 4750 in

206 4793 380 4855 bibliotheca
407 4794 485 4872 regia
508 4795 688 4857 Berolinensi
715 4795 772 4875 (Ph
787 4793 899 4872 6917),
923 4792 1107 4855 monumenti
1128 4789 1272 4872 hnoprani
1294 4790 1428 4871 exemplo
1450 4791 1556 4853 Cosso-
