3656 5434
665 389 822 448 'PITVLVS
840 388 1064 448 6166661616
1480 394 1540 456 171

186 571 322 633 viderunt
348 569 525 650 Rorgbesins
554 568 673 650 (opp.8
701 590 730 650 p.
754 571 828 648 590)
858 581 886 633 01
913 570 1068 633 ilenzenus
1098 569 1174 649 (syll.
1196 588 1224 649 p.
1241 570 1326 646 496),
1356 587 1451 648 neque
1479 569 1543 649 ipse

187 672 341 754 Zumptius
363 693 422 736 non
445 673 596 746 intellexit,
619 672 669 734 sed
692 691 759 735 cum
783 677 910 736 refutare
933 693 992 734 606
1013 683 1122 753 posset,
1144 673 1240 735 elusit
1277 671 1351 733 Nam
1368 672 1542 734 Strabonem

187 777 251 854 (17,
274 775 303 849 3,
326 775 366 837 23
391 795 419 856 p.
443 774 518 855 838)
541 774 596 836 sibi
618 775 753 855 opitulari
777 784 869 856 putat,
892 779 942 856 qui
962 776 1151 837 blarmaridas
1172 775 1304 837 babitare
1324 774 1444 854 quidem
1468 776 1544 838 dicat

186 898 277 960 prope
305 879 449 959 Cyrenas,
478 879 528 940 sed
561 896 616 939 nec
649 878 821 958 Cyrenaicae
854 897 909 940 neo
935 880 1064 960 Aegypto
1098 878 1251 951 attribuat;
1284 877 1368 957 quasi
1390 886 1543 958 propterea

186 982 265 1062 quod
287 982 413 1063 populus
435 989 516 1043 extra
540 980 634 1043 solum
666 979 831 1060 provinciae
858 981 1010 1043 cuiusdam
1040 982 1239 1044 conterminae
1267 981 1396 1044 babitare
1427 983 1543 1058 dicitur,

186 1085 278 1165 magis
301 1084 410 1146 bellum
433 1083 459 1145 ei
486 1083 594 1146 inlerre
622 1084 752 1165 potuerit
778 1102 895 1164 praeses
922 1084 1087 1164 provinciae
1113 1103 1174 1146 non
1201 1085 1409 1147 conterminae.
1454 1085 1543 1166 blagis

186 1186 350 1267 speciosum
378 1196 423 1249 est
449 1187 654 1267 proconsulem
679 1185 851 1267 Cyrenaicae
875 1195 976 1266 utpote
998 1187 1163 1267 provinciae
1186 1189 1348 1250 senatoriae
1370 1198 1400 1251 et
1420 1189 1543 1250 inermis

186 1289 294 1350 bobum
322 1307 421 1368 gerere
453 1307 513 1350 non
547 1289 693 1370 potuisse;
722 1307 789 1350 nam
812 1287 936 1350 alterum
964 1289 1077 1351 nullum
1112 1290 1277 1370 exemplum
1312 1298 1391 1352 estat
1416 1308 1544 1370 procon-

186 1391 259 1453 sulis
280 1389 437 1471 praetorii,
465 1390 515 1470 qni
543 1389 651 1452 bellum
674 1391 806 1471 gesserit.
849 1391 888 1453 dt
909 1391 1101 1454 nihilominus
1123 1410 1227 1454 verum
1253 1400 1299 1453 est
1321 1392 1544 1472 proconsulibus

187 1492 326 1556 omnibus
348 1511 408 1554 606
432 1501 491 1555 tarn
514 1492 561 1554 ius
584 1493 651 1555 bebi
672 1494 792 1574 gerendi
821 1494 949 1556 defuisse
977 1515 1065 1575 quam
1094 1494 1276 1557 occasionem
1306 1494 1543 1576 (8106600512,

186 1596 279 1675 251),
307 1615 433 1676 cumque
458 1598 648 1676 proconsules
672 1598 839 1659 consulares
869 1597 982 1659 Africae
1008 1598 1045 1659 ad
1072 1598 1177 1660 Gaium
1205 1617 1300 1678 usque
1322 1597 1384 1660 suis
1406 1597 1545 1679 auspiciis

186 1719 249 1762 rem
273 1699 417 1779 gesserint
439 1699 518 1776 (Tac.
534 1699 602 1761 bist.
619 1702 648 1773 4,
664 1699 728 1774 481,
751 1699 817 1779 ipsu
831 1700 894 1761 inre
914 1700 992 1761 idem
1006 1700 1090 1762 licuit
1103 1700 1272 1782 proconsuli
1293 1700 1440 1780 praetorio
1455 1699 1544 1781 Cyre-

186 1803 294 1864 naicae.
339 1802 424 1875 Quod
447 1800 472 1863 si
494 1802 653 1864 necessitas
675 1821 776 1864 rerum
797 1802 876 1876 fecit,
905 1811 937 1865 ut
960 1802 1068 1865 bellurn
1090 1805 1122 1865 in
1143 1822 1176 1864 00
1207 1803 1355 1884 provincia
1383 1804 1543 1882 gerendum

186 1914 274 1979 esset,
297 1923 355 1966 non
380 1913 441 1966 erat
464 1904 511 1966 cui
535 1905 723 1967 mandaretur
742 1913 857 1986 praeter
872 1905 935 1967 eius
950 1907 1171 1986 proconsulem;
1194 1906 1292 1985 itaque
1307 1925 1367 1968 606
1383 1905 1542 1968 admodum

187 2008 296 2070 mirum
319 2015 363 2068 est
386 2006 532 2088 quendam
556 2026 658 2069 eorum
682 2028 745 2069 rem
769 2011 902 2088 gessisse,
927 2011 1052 2070 maxime
1074 2028 1128 2090 per
1150 2011 1203 2071 bos
1225 2028 1319 2071 annos
1342 2027 1415 2070 nova
1438 2008 1544 2070 etiam·

187 2119 251 2172 tum
267 2109 382 2190 imperii
398 2109 581 2172 ordinatione
604 2129 658 2172 nec
678 2111 767 2172 rebus
790 2111 861 2173 satis
884 2111 1030 2174 stabilitis.
1074 2112 1116 2173 Ne
1138 2112 1194 2174 hoc
1220 2113 1339 2192 quidem
1367 2119 1483 2175 constat
1509 2129 1544 2172 00

187 2222 318 2294 tempore
347 2213 534 2293 Cyrenaicam
568 2214 714 2293 praesidio
748 2215 866 2276 militari
899 2215 1037 2276 caruisse.
1090 2213 1174 2276 Certe
1197 2215 1229 2276 L.
1253 2215 1389 2276 Pinarius
1417 2216 1544 2294 Scorpus

186 2316 299 2395 legatus
322 2315 442 2378 Antonii
464 2324 494 2377 et
515 2316 552 2378 ab
566 2335 601 2378 eo
616 2316 786 2397 Cyrenaicae
801 2320 975 2397 praelectus,
996 2318 1046 2380 sed
1062 2317 1150 2378 etiam
1166 2316 1222 2378 sub
1236 2317 1379 2397 Augusto,
1394 2334 1462 2377 cum
1477 2324 1545 2396 post

186 2419 331 2501 proelium
346 2420 496 2481 rictiacum
517 2420 553 2481 ad
569 2439 637 2481 eum
655 2420 827 2494 transiisset,
850 2421 971 2482 eandem
987 2420 1167 2501 provinciam
1183 2419 1391 2481 administrans
1406 2437 1429 2480 o.
1443 2437 1470 2480 a.
1483 2419 1544 2480 727

187 2522 348 2603 imperator
369 2521 400 2581 in
422 2521 554 2583 nummis
577 2523 747 2601 appellatur,
770 2532 805 2585 ut
819 2522 959 2586 exercitui
974 2541 1042 2585 eum
1059 2523 1219 2603 praefuisse
1235 2521 1360 2584 dubitari
1376 2539 1436 2582 non
1451 2521 1545 2601 possit

188 2626 236 2705 (cl.
259 2624 383 2685 Orosius
398 2625 427 2696 6,
446 2623 566 2698 19,15;
589 2623 642 2686 Dio
659 2626 708 2699 51,
726 2627 753 2688 5.
770 2626 804 2700 93
827 2625 1002 2688 Plutarchus
1017 2627 1125 2687 Anton.
1143 2625 1198 2699 69;
1222 2623 1321 2685 Cohen
1336 2624 1409 2703 Aug.
1426 2642 1455 2684 n.
1474 2623 1543 2684 125.

188 2725 500 2801 497-5003Ecthet
523 2727 551 2800 5,
575 2725 647 2788 272.
671 2729 700 2802 6,
724 2727 787 2809 82).
842 2729 900 2791 Sed
922 2732 967 2790 lac
988 2728 1046 2790 iam
1076 2747 1110 2788 eo
1138 2727 1174 2788 do
1201 2745 1259 2806 660
1290 2726 1386 2806 agitur
1412 2735 1544 2806 ternpore

187 2830 316 2910 legiones
338 2829 368 2890 in
391 2828 436 2890 his
458 2828 591 2909 partibus
613 2830 709 2892 nullas
732 2831 848 2894 stetisse
870 2831 927 2894 nisi
948 2832 979 2894 in
1002 2831 1096 2893 Africa
1118 2829 1267 2911 provincia
1294 2838 1324 2891 01
1351 2828 1382 2889 16
1404 2829 1542 2914 Aegypto,

187 2932 258 3012 quid
273 2932 388 2993 vetabat
402 2931 478 2992 bello
493 2932 591 3011 011660
606 2931 636 2994 in
653 2932 808 3013 Cyrenaica
830 2943 932 2995 exorto
953 2933 1097 3014 legionem
1114 2953 1148 2995 ex
1164 2933 1294 3013 Aegypto
1309 2951 1344 2992 eu
1359 2930 1448 3004 mitti,
1471 2949 1545 3010 qnae

187 3034 356 3117 proconsuli
378 3031 517 3115 pareret?
560 3034 661 3115 110660
689 3035 824 3098 existimo
846 3036 1014 3110 Quirinium
1042 3056 1077 3098 es
1103 3046 1239 3117 praetura
1265 3043 1333 3115 post
1358 3033 1544 3096 intervallum

186 3138 392 3219 proconsulem
417 3140 525 3198 lactum
549 3136 724 3218 Cretamque
745 3147 775 3198 et
797 3139 924 3219 Cyrenas
946 3138 1084 3200 sortitum
1107 3137 1295 3200 Marmaridas
1310 3146 1340 3199 et
1355 3138 1546 3199 Garamantes

186 3241 309 3315 vicisse3
330 3240 417 3319 idque
439 3239 517 3302 inter
538 3239 592 3301 alia
614 3239 644 3300 in
667 3250 765 3301 mente
787 3240 890 3302 babuit
908 3241 1026 3304 Tacitus
1049 3241 1181 3304 scribens
1201 3239 1369 3314 Quirinium
1392 3243 1545 3322 impipmm

186 3345 303 3407 militabo
335 3354 362 3406 et
394 3343 508 3406 rombus
537 3347 701 3430 minatoriis
731 3344 915 3406 consulatum
939 3343 1099 3420 [meruisse.
1148 3345 1187 3406 lia
1221 3344 1375 3425 expeditio,
1410 3343 1435 3404 si
1467 3352 1546 3404 recte

187 3448 264 3509 intra
284 3446 395 3508 docebo
416 3465 463 3508 res
485 3445 517 3506 in
539 3445 624 3507 titulo
647 3456 748 3508 nostru
771 3455 902 3508 narratas
924 3447 1052 3528 incipere
1074 3447 1151 3508 aba.
1168 3446 1240 3521 752,
1263 3455 1331 3509 0610
1346 3465 1416 3508 eum
1432 3463 1543 3507 annum

187 3554 262 3612 10010
285 3550 325 3611 011
351 3567 469 3611 necessa
497 3555 558 3621 est3
585 3549 750 3611 accuratius
777 3569 837 3630 660
863 3559 995 3630 tempore
1024 3549 1177 3623 Quirinius
1205 3549 1391 3630 Cyrenaicam
1420 3547 1547 3610 admini-

188 3655 302 3726 strarit,
332 3651 446 3714 deliniri
472 3650 590 3731 nequit,
618 3670 714 3732 neque
742 3652 891 3715 adsentior
916 3652 1053 3715 llenzeno
1084 3662 1205 3735 propter
1227 3651 1304 3714 Flori
1337 3651 1423 3714 verba
1457 3669 1546 3732 supra

188 3757 278 3818 relata
301 3756 502 3818 Marmaricam
518 3753 645 3828 Quirinii
666 3755 817 3818 victoriam
841 3757 1030 3837 postponenti
1053 3756 1218 3819 Gaetulicus
1240 3755 1323 3817 Cossi
1353 3763 1452 3836 partae
1474 3773 1500 3814 0.
1517 3773 1545 3815 6.

188 3879 213 3920 0.
238 3859 315 3934 759;
338 3877 405 3920 nam
428 3858 484 3918 600
512 3858 576 3918 1000
604 3856 708 3919 Florus
731 3859 765 3920 ad
796 3859 937 3940 temporis
963 3858 1097 3922 ordinem
1126 3877 1186 3921 non
1214 3857 1339 3920 attendit
1360 3875 1456 3937 60660
1486 3855 1546 3918 6110

188 3971 275 4043 pacto
309 3960 471 4023 secundum
506 3978 548 4033 ea,
581 3979 656 4038 6600
689 3961 725 4022 de
747 3960 881 4034 Quirinio
914 3971 1063 4043 praeterea
1090 3960 1271 4042 accepimus,
1306 3959 1546 4040 proconsulatum

188 4063 371 4146 praetorium
398 4061 636 4124 admininistrare
663 4062 760 4142 potnit
785 4072 854 4143 post
880 4083 905 4125 0.
924 4065 994 4126 759.
1047 4064 1131 4137 Quod
1163 4063 1187 4124 si
1214 4062 1281 4143 quis
1308 4061 1433 4125 coniciat
1458 4081 1547 4143 espe-

187 4167 329 4228 ditionem
354 4167 382 4227 in
401 4165 590 4227 Garamantes
612 4184 638 4226 0.
655 4165 716 4227 734
739 4167 894 4228 0061660ῑο
915 4186 1002 4248 opera
1023 4165 1187 4247 suscepisse
1203 4165 1324 4227 balbum
1340 4164 1547 4246 proconsulem

188 4269 302 4331 diricae
325 4277 355 4331 et
375 4268 581 4349 proconsulem
598 4269 771 4349 Cyrenaicae
786 4268 963 4344 Quirininm,
987 4277 1154 4350 temporum
1177 4269 1305 4330 rationes
1320 4267 1347 4328 ei
1363 4267 1548 4330 coniecturae

187 4391 247 4434 606
279 4371 485 4445 adversantur;
513 4389 581 4433 nam
608 4371 759 4444 Quirinius
780 4381 892 4451 ‚utpote
922 4372 1011 4433 bomo
1038 4391 1133 4434 novus
1161 4371 1256 4433 multo
1283 4379 1351 4432 ante
1379 4378 1547 4450 praeturam

188 4475 313 4556 gessisse
335 4483 433 4555 potest
454 4491 543 4554 quam
565 4474 601 4536 ad
623 4493 757 4536 summos
780 4475 907 4536 bonores
935 4475 1076 4554 pervenit.
1121 4474 1178 4536 Sed
1205 4473 1269 4535 lieri
1297 4491 1415 4553 660660
1440 4480 1547 4553 potest,

188 4586 221 4639 ut
243 4586 367 4656 uterque
390 4575 499 4638 bobum
523 4576 646 4656 gesserit
669 4585 802 4656 tempore
823 4577 947 4638 diverso.

288 4679 335 4741 111.
369 4679 538 4752 Quirinium
567 4679 666 4759 Syriae
699 4677 860 4759 praefuisse
894 4699 918 4740 0.
948 4679 1010 4741 759
1043 4687 1073 4741 01
1101 4677 1238 4758 deinceps
1269 4685 1384 4740 constat
1412 4695 1448 4738 ex
1474 4677 1548 4740 locis

190 4781 307 4863 losepbi
329 4801 417 4864 supra
439 4782 548 4860 atatis,
576 4781 735 4844 videndum
757 4791 872 4858 autem,
900 4801 972 4844 num
996 4781 1117 4844 alterius
1139 4799 1256 4861 qnoque
1278 4777 1429 4860 legationis
1451 4779 1548 4860 aliqua
