3656 5444
814 351 848 418 v,
867 353 883 406 s
905 355 937 408 ro
1134 291 1142 308 ⁹
1484 360 1543 422 101

197 535 230 597 L.
247 534 394 598 Volcacius
421 533 524 595 Tullus
553 553 578 595 a.
600 532 676 606 688,
700 535 731 594 L.
747 533 882 596 Aurelius
905 533 988 595 Cotta
1010 553 1035 594 a.
1052 533 1123 604 689,
1146 532 1178 594 L.
1194 534 1284 596 lulius
1307 534 1412 598 Caesar
1433 555 1458 598 a.
1475 537 1547 610 696,
1607 584 1612 595 .

197 639 230 701 L.
246 638 376 700 Licinius
402 633 523 700 Murena
553 657 579 699 a.
595 637 671 712 692,
700 637 733 699 L.
750 636 924 718 Calpurnius
951 637 1020 700 Piso
1046 657 1072 700 a.
1088 637 1165 711 696,
1193 638 1225 698 L.
1241 638 1366 701 llarcius
1394 639 1546 721 Philippus
1674 655 1679 666 '

197 763 222 804 a.
239 741 309 805 698.
355 741 412 804 Sed
442 760 510 804 cum
538 741 637 803 nullus
662 760 763 804 eorum
792 760 845 822 per
872 749 1003 821 tempora
1024 740 1139 802 Actiaca
1166 750 1360 817 memoretur,
1390 743 1547 806 uerisimile

197 857 242 908 est
263 848 370 909 borum
392 864 510 926 quoque
531 846 684 928 plerosque
707 855 773 907 ante
795 865 820 906 a.
837 845 899 907 722
922 853 1043 907 naturae
1064 844 1196 908 debitum
1219 845 1349 908 solvisse.
1392 846 1547 927 Antiquis-

198 951 291 1012 simus
317 949 532 1023 consularium,
565 967 639 1030 quos
669 957 784 1012 constat
810 950 928 1014 Actiaco
956 949 1031 1011 bello
1054 949 1173 1028 vixisse,
1203 949 1240 1010 ld.
1260 949 1392 1012 Valerius
1415 950 1545 1013 Messalla

196 1065 242 1118 est
263 1055 440 1118 cusaldi
464 1073 557 1134 augur
578 1072 630 1134 per
652 1072 744 1116 annos
766 1073 802 1114 nv
824 1063 854 1116 et
877 1062 1012 1116 mortuus
1034 1062 1167 1116 senectae
1182 1062 1339 1116 extremae.
1372 1051 1416 1116 Ab
1438 1073 1463 1116 a.
1484 1055 1542 1117 701

197 1159 232 1220 ad
254 1179 279 1221 a.
296 1158 354 1220 721
379 1158 508 1220 16166116
524 1178 583 1220 uno
598 1158 662 1220 loco
677 1167 796 1239 excepto
810 1157 868 1220 iam
885 1157 1006 1240 expletis
1022 1157 1156 1220 consules
1171 1156 1326 1239 perscripti
1339 1170 1410 1220 sunt
1425 1158 1545 1239 (nume-

197 1273 259 1351 rato
286 1281 320 1324 eo
351 1262 401 1342 qui
427 1261 537 1340 deficit)
566 1261 778 1342 praetermissis
800 1261 1003 1325 iterationibus
1025 1280 1090 1335 nv13
1115 1260 1185 1323 binc
1207 1261 1258 1323 ubi
1280 1261 1426 1324 demimus
1447 1261 1544 1342 ipsum

198 1366 348 1428 Caesarem
371 1374 401 1427 et
428 1363 606 1439 Antonium,
628 1365 698 1426 item
722 1384 796 1444 quos
814 1366 955 1438 novimus
977 1365 1055 1428 diem
1077 1365 1184 1428 obiisse
1206 1375 1273 1428 ante
1295 1385 1319 1428 a.
1337 1364 1399 1426 722
1420 1384 1545 1428 numero

197 1469 439 1550 quattuordecim,
463 1468 589 1548 denique
610 1477 707 1550 partes
722 1469 902 1532 Antonianas
917 1478 1034 1532 secutos
1049 1471 1216 1533 consulares
1231 1469 1411 1550 quattuor¹),
1434 1455 1546 1531 res'tant

121 1641 125 1648 ⁴
196 1593 321 1635 numero
346 1591 445 1646 xxxvi,
473 1592 548 1652 quos
579 1581 629 1634 ant
658 1581 773 1635 constat
800 1573 929 1636 Caesaris
960 1574 1051 1655 partis
1081 1582 1196 1636 secutos
1226 1593 1290 1636 esse
1311 1581 1363 1635 aut
1384 1581 1462 1636 certe
1483 1592 1543 1635 non

196 1686 311 1739 constat
337 1677 372 1739 de
399 1677 559 1751 contrario,
589 1695 766 1757 quamquam
798 1677 904 1739 borum
926 1696 1043 1758 quoque
1070 1677 1180 1758 aliquot
1201 1687 1252 1740 aut
1273 1685 1393 1759 propter
1420 1685 1545 1738 mortem

195 1789 247 1843 aut
273 1791 392 1862 propter
412 1781 567 1844 lectionem
595 1780 745 1842 adversam
767 1780 891 1860 Augusti
913 1780 1030 1843 calculis
1052 1799 1111 1843 non
1134 1781 1362 1863 comprehensos
1384 1798 1448 1842 esse
1470 1779 1547 1841 veri·

195 1884 291 1946 simile
323 1894 377 1947 est.
410 1920 453 1930 -
485 1884 528 1946 Ab
560 1905 586 1948 a.
611 1884 671 1946 722
699 1884 734 1946 ad
757 1904 782 1946 a.
804 1885 864 1947 767
898 1885 1033 1946 consules
1062 1884 1130 1946 lacti
1156 1895 1235 1957 sunt,
1266 1885 1427 1946 secundnm
1455 1887 1545 1946 lastos

196 1988 326 2052 laterculi
352 1986 494 2048 llleiniani
522 1987 580 2049 iam
608 2007 661 2069 per
687 1989 742 2050 hos
769 2008 862 2051 annos
891 1990 992 2070 plenos
1014 1991 1075 2050 lere
1096 1999 1126 2050 et
1151 1988 1241 2069 ipsos,
1265 1989 1392 2069 demptis
1413 1987 1545 2050 iteratio-

196 2092 283 2154 nibus
305 2091 440 2153 homines
463 2110 540 2165 cxvi,
568 2111 584 2152 e
606 2092 714 2172 quibus
737 2100 835 2154 tamen
857 2092 1004 2154 eximendi
1026 2101 1096 2154 sunt
1117 2092 1227 2174 aliquot
1248 2100 1368 2173 propter
1389 2091 1543 2154 factionem

195 2195 353 2268 diversam,
377 2196 470 2258 multo
492 2196 590 2276 plures
612 2205 732 2278 propter
753 2203 887 2258 aetatem.
930 2195 1002 2258 Nam
1027 2195 1170 2258 moriente
1190 2196 1323 2276 Augusto
1345 2195 1394 2274 qui
1417 2194 1545 2274 legitima

194 2309 287 2362 aetate
309 2287 460 2361 summuin
482 2299 624 2362 honorem
648 2300 870 2380 adipiscebatur,
892 2319 929 2362 ne
951 2309 1037 2362 natus
1058 2300 1177 2380 quidem
1199 2309 1271 2374 erat,
1294 2319 1361 2362 cum
1382 2309 1543 2381 pugnatum

194 2411 240 2465 est
261 2404 297 2465 ad
315 2403 447 2478 Actium;
469 2422 529 2464 non
551 2403 635 2485 pauci
656 2403 747 2483 igitur
768 2403 879 2466 luerint
899 2423 1019 2466 necesse
1038 2413 1092 2478 est,
1114 2403 1166 2485 qui
1180 2403 1315 2466 consules
1330 2403 1398 2465 lacti
1412 2403 1544 2484 Augusto

194 2507 323 2589 principe
361 2507 542 2588 temporibus
574 2506 698 2569 Actiacis
733 2526 793 2570 non
828 2507 988 2570 militarint.
1036 2507 1137 2588 ltaque
1169 2525 1312 2570 numerus
1345 2507 1542 2569 consularium

194 2611 340 2692 octoginta
361 2620 391 2672 et
413 2611 513 2684 trium,
535 2630 624 2692 quem
647 2611 786 2692 reliquiae
807 2621 859 2673 aut
879 2611 1022 2674 dederunt
1037 2618 1180 2674 autberto
1201 2611 1437 2691 indigitaverunt,
1460 2629 1543 2672 com-

194 2715 394 2795 putationibus
422 2734 510 2796 supra
535 2715 692 2797 propositis
715 2724 793 2777 reete
814 2723 939 2796 aptatur.

294 2817 416 2880 Centum
445 2829 476 2879 et
501 2819 682 2900 septuaginta
703 2837 863 2881 numerum
885 2838 951 2880 oum
974 2817 1004 2880 in
1027 2817 1153 2881 editione
1176 2817 1273 2900 priore
1295 2817 1542 2880 demonstrassem

194 2923 229 2983 ad
251 2923 418 2983 consulares
440 2923 543 2984 reterri
564 2941 622 2984 non
645 2941 740 3004 posse,
763 2922 965 3002 magistratum
986 2921 1112 3001 aliquem
1135 2921 1302 2983 interiorem
1325 2922 1372 2983 bic
1386 2920 1543 3002 significari

194 3025 318 3099 conieci;
340 3025 396 3087 iam
421 3034 451 3088 et
473 3025 642 3088 Latinorum
666 3036 695 3088 et
717 3024 893 3088 Graecorum
921 3024 1006 3087 lectio
1031 3024 1144 3105 plenior
1172 3024 1300 3086 ostendit
1322 3013 1390 3088 eum
1412 3035 1542 3106 spectare

193 3130 228 3190 ad
257 3129 435 3202 sacerdotes,
464 3129 574 3192 sedicet
600 3131 761 3192 senatoriae
789 3127 951 3209 dignitatis,
982 3135 1015 3188 ut
1043 3146 1102 3189 non
1130 3127 1226 3190 solum
1254 3137 1393 3207 quattuor
1424 3129 1541 3208 collegia

195 3232 304 3294 maiora
332 3232 379 3294 1616
409 3233 630 3312 intellegantur,
657 3234 708 3296 sed
737 3233 884 3295 Arvalium
914 3250 1031 3310 quoque
1060 3240 1090 3294 ct
1115 3232 1219 3295 similis
1246 3231 1393 3312 dignitatis
1422 3233 1540 3314 reliqua.

194 3334 255 3397 lloc
288 3335 408 3398 omnino
441 3338 599 3398 tenendum
627 3345 673 3398 est
699 3337 785 3398 verba
817 3337 857 3398 ita
886 3336 993 3416 scripta
1020 3355 1100 3410 esse,
1135 3345 1168 3399 ut
1195 3337 1480 3418 comprehendantur
1506 3354 1541 3396 ex

194 3439 384 3519 septingentis
415 3439 597 3501 senatoribus
625 3457 684 3501 non
706 3440 801 3501 solum
825 3439 875 3519 qui
897 3448 1029 3520 tempore
1052 3439 1119 3502 belli
1140 3441 1249 3503 Actiaci
1270 3439 1464 3503 sacerdotium
1487 3440 1541 3500 ba-

194 3541 336 3616 buissent,
359 3542 409 3604 sed
432 3543 518 3604 etiam
542 3551 643 3624 postea
665 3543 829 3605 sacerdotes
851 3542 948 3605 creati.

698 3839 872 3954 carun
898 3877 1035 3952 xxm

269 4076 334 4118 nar.
350 4058 379 4131 5,
395 4079 407 4119 a
439 4054 442 4135 l
460 4056 601 4120 Omnium
624 4058 847 4139 prdvlirleiorum
860 4055 961 4138 populi
972 4055 1115 4133 11666611,
1144 4056 1250 4136 quibus
1266 4055 1406 4118 finitimae
1421 4055 1542 4114 luerunt

381 4180 407 4223 m
436 4159 440 4241 1
464 4165 565 4242 gentes
588 4181 662 4241 quae
684 4164 751 4239 6166
769 4172 905 4242 parerent
926 4165 1043 4241 imperto
1065 4163 1182 4238 uosltro,
1205 4161 1278 4220 lines
1300 4159 1376 4220 auxi.

224 4283 268 4325 on.
288 4264 335 4339 14,
359 4283 406 4328 aa
438 4266 558 4328 116σῶ6
588 4263 772 4346 ἕπαρχειῶν
802 4259 1133 4347 δήμο1υῬωΙμαίων,
1163 4259 1216 4335 αἷς
1243 4257 1350 4343 ὅμορα
1368 4259 1373 4342 Ι
1393 4254 1432 4343 ἦν
1457 4255 1539 4340 ἔθνη

391 4388 404 4432 t
433 4367 476 4430 τὰ
496 4366 540 4454 pq'
562 4364 837 4450 ὑποτασσ[όμ]ενα
857 4367 896 4457 τῇ
917 4363 1058 4452 ἡμετέρᾳ
1073 4361 1241 4450 ἡΙγεμονία
1255 4365 1333 4444 (sic),
1354 4360 1429 4435 τοὺς
1445 4354 1541 4442 ὅρους

433 4466 619 4555 ἐπεύξΙησμι
641 4473 717 4552 (sic).
742 4474 778 4551 [5]

191 4627 402 4636 *an-a·—

292 4715 314 4776 ι)
337 4713 443 4766 Scilicet
460 4713 489 4763 L.
504 4713 634 4765 Munatius
653 4713 760 4765 Plancus
779 4730 830 4765 cos.
848 4729 871 4763 6.
890 4713 965 4776 712,Ι
980 4713 1005 4764 P.
1019 4711 1140 4764 Canidius
1158 4708 1377 4772 (1666666711,
1396 4705 1423 4758 L.
1438 4704 1540 4758 Gellius

195 4799 326 4851 Publicola
345 4816 367 4852 6.
382 4799 439 4865 718,
457 4799 486 4852 L.
500 4800 663 4867 Sempronius
681 4800 818 4851 Atratinus
835 4815 858 4849 6.
873 4799 928 4850 726.
