3656 5434
301 381 364 446 198
912 373 1046 432 venem

298 557 393 620 rantia
408 556 503 637 qualis
525 555 613 617 tuerit
634 554 829 635 perspicietur
855 563 885 616 et
917 575 953 616 cx
984 555 1098 618 delectu
1125 556 1300 630 verborum,
1327 575 1387 635 quo
1414 557 1444 618 in
1470 553 1658 635 expendendo

299 660 386 722 etiam
410 661 438 720 id
455 657 640 739 apertissime
656 657 782 720 elucebit
795 656 903 737 quibus
919 657 1033 719 auxiliis
1047 657 1095 718 ille
1111 658 1140 718 in
1157 660 1297 721 vertendo
1313 678 1385 720 usus
1401 659 1448 732 sit,
1464 666 1494 719 et
1508 677 1543 719 eu
1559 657 1659 737 singu·

300 764 393 827 larum
415 762 603 842 quarundum
628 760 773 822 sermonis
797 760 898 821 Graeci
920 761 1018 840 legum
1042 761 1134 840 magis
1151 762 1284 824 minusve
1300 761 1453 824 subtilium
1470 759 1659 840 neglectionl.

397 861 440 927 ‘ln
475 864 571 926 verbis
599 863 740 943 eligendis
774 864 802 924 ci
829 863 880 942 qui
908 863 1009 925 Latine
1043 864 1151 944 scripta
1180 867 1288 927 Graece
1317 865 1404 927 vertit
1442 865 1500 926 duo
1538 863 1660 924 maxime

300 969 457 1050 spectanda
484 976 567 1040 sunt,
600 969 730 1047 primurn
761 985 799 1026 nc
827 967 979 1047 scriptoris
1008 966 1124 1047 linguae
1153 968 1244 1031 nimis
1272 968 1417 1030 obnoxius
1440 967 1543 1029 Latine
1571 964 1661 1045 magis

300 1091 389 1153 quam
418 1073 526 1134 Graece
560 1069 682 1142 scribat,
714 1069 819 1130 deinde
846 1078 881 1130 ut
907 1069 1031 1148 singulis
1061 1071 1209 1133 vocabulis
1238 1071 1350 1133 Latinis
1379 1091 1432 1132 sua
1465 1088 1599 1151 quaeque
1630 1087 1662 1129 ac

299 1176 415 1256 propria
438 1175 547 1236 Graeca
570 1172 673 1234 reddat
700 1173 912 1253 perponderata
935 1172 1057 1253 singulis
1086 1174 1157 1235 locis
1184 1175 1396 1236 sententiarum
1421 1173 1448 1234 vi
1477 1192 1511 1234 ac
1533 1171 1662 1233 necessi·

299 1277 410 1340 tudine.
461 1277 604 1338 Neutrum
635 1275 706 1337 satis
734 1274 847 1336 curarit
874 1275 1017 1355 interpres
1039 1276 1225 1356 Ancyreum,
1253 1276 1305 1356 qui
1332 1274 1422 1336 nimis
1445 1271 1547 1336 Latine
1578 1272 1664 1334 vertit

299 1380 385 1454 2,18
416 1377 609 1461 ἐψηφίσατο
636 1371 655 1459 ἡ
686 1375 864 1460 σύγκλητος
891 1379 988 1451 θεοῖς
1012 1377 1084 1441 δεῖν
1112 1378 1263 1441 θύεσθαι
1294 1379 1429 1459 (decrevit
1456 1387 1572 1439 εειιοῖαε
1595 1395 1658 1456 snp-

295 1484 463 1565 plicundum
485 1501 542 1544 esse
564 1481 638 1560 dis);
667 1481 696 1554 3,
721 1479 762 1540 22
786 1473 990 1561 συνάρχοντα
1012 1477 1111 1555 αὐτός
1138 1479 1205 1546 άπὸ
1232 1483 1289 1561 τῆς
1316 1477 1497 1565 συγκλήτου
1526 1473 1663 1563 αίτήσας

299 1583 431 1668 ἔλαβον,
456 1583 505 1646 ubi
521 1585 576 1646 etsi
592 1583 695 1646 Latina
717 1598 777 1644 non
794 1591 962 1662 supersunt
986 1583 1079 1645 conici
1094 1594 1190 1647 tamen
1208 1595 1306 1666 potest
1327 1585 1480 1668 scripsisse
1497 1587 1661 1664 Augustum

296 1693 365 1771 petii
378 1709 397 1751 ο
411 1699 526 1762 senaim
549 1688 578 1761 5,
595 1686 614 1748 8
631 1682 727 1764 εὐχάς
748 1681 997 1768 ἀναλαμβάνειν
1020 1691 1097 1764 (uota
1119 1689 1286 1770 ευεείμοτε);
1311 1692 1340 1764 5,
1357 1690 1397 1753 20
1419 1683 1663 1772 ἀρχιερωσύνην

300 1793 497 1875 καταφέρειν
521 1789 723 1868 (secerdotium
747 1788 890 1870 descire);
920 1791 948 1864 5,
966 1789 1004 1850 21
1035 1790 1082 1863 εἶς
1104 1789 1161 1854 τόν
1182 1795 1240 1856 τοῦ
1266 1791 1384 1866 ζῶντος
1404 1789 1510 1855 τόπον
1536 1790 1580 1869 (irc
1606 1791 1665 1849 oiri

300 1894 575 1976 commerciorum),
606 1911 785 1973 quamquam
815 1892 876 1953 scio
907 1889 1001 1976 τόπῳ
1035 1893 1124 1967 τινὸς
1152 1916 1207 1977 pro
1240 1893 1314 1960 άντί
1348 1917 1436 1968 τινος
1469 1895 1557 1956 etiam
1591 1891 1661 1954 alios

300 2001 471 2081 posterioris
493 1999 596 2061 aetatis
618 1996 777 2076 scriptores
803 1995 925 2071 dixissc3
948 1997 1013 2070 6,2
1035 1995 1227 2073 πολιτικαῖς
1248 2009 1410 2081 ταραχαῖς
1433 1997 1552 2077 (δείλαιοι
1573 1995 1660 2066 rimie,

300 2103 379 2181 quod
408 2101 519 2163 rectius
552 2101 579 2172 1,
609 2099 648 2160 19
676 2095 856 2180 ἐμφυλίους
890 2097 1059 2183 πολέμους
1092 2103 1265 2185 expressit);
1300 2105 1369 2178 7,5
1399 2096 1438 2184 ἣν
1470 2098 1661 2163 κεκλεῖσθαι

300 2197 471 2286 ἧθέλησαν
494 2201 648 2275 (claussum
664 2200 844 2276 coluerunt);
869 2203 917 2276 11,
934 2205 953 2264 7
977 2198 1045 2266 ἀπὸ
1066 2199 1189 2288 Ῥώμης
1201 2201 1370 2290 Ἀρίμινον
1392 2203 1500 2266 omissa
1516 2202 1564 2276 είς
1578 2221 1662 2284 prae-

300 2295 460 2386 positione;
486 2302 569 2378 11,3
592 2301 628 2364 έκ
651 2301 809 2367 πλείστου
836 2307 955 2387 μέρους
983 2308 1141 2380 ε115,15
1165 2306 1200 2369 ἐκ
1223 2306 1375 2392 μείζονος
1402 2303 1521 2390 μέρους
1549 2309 1662 2386 (mama

301 2426 338 2470 etc
355 2406 466 2489 perte);
492 2407 540 2481 11,
558 2407 597 2467 17
613 2400 636 2467 ά
655 2428 714 2490 μοι
730 2411 867 2491 κατέστη
891 2406 984 2486 έγγύς
1006 2406 1179 2492 μυριάδων
1201 2410 1266 2474 κτλ’
1289 2411 1374 2494 (poue
1388 2411 1458 2474 mitt
1480 2414 1662 2473 consuamus

302 2541 344 2584 τις
366 2514 475 2573 circiter
502 2510 652 2585 milliens);
684 2511 769 2586 16,7
797 2509 863 2595 πρό
893 2509 975 2593 ἐμοῦ
1001 2507 1161 2595 ἡγεμόνος
1183 2515 1262 2594 (onte
1283 2533 1326 2576 me
1347 2509 1532 2594 principun),
1555 2529 1662 2590 quam-

301 2635 390 2700 quam
418 2613 474 2676 hoc
501 2632 561 2693 quo
589 2613 677 2675 modo
703 2615 835 2678 excusari
861 2615 956 2696 possit
977 2624 1111 2696 apertum
1135 2625 1194 2691 est;
1221 2617 1250 2691 3,
1269 2617 1307 2678 15
1335 2611 1587 2699 ὁμολογούντων
1609 2617 1663 2674 ίνα

301 2717 526 2800 χειροτονηθῶ
556 2716 804 2794 (consentientibus
832 2720 897 2797 [αῖ.
915 2719 973 2795 ..1)
1007 2720 1135 2800 itemque
1169 2722 1197 2794 5,
1226 2722 1265 2781 17
1298 2716 1388 2802 νόμῳ
1419 2715 1573 2801 έκυράθη
1607 2720 1663 2778 ίνα

302 2814 432 2903 ίερδςῶ
455 2821 665 2900 (sacrosanctus
692 2825 737 2882 uti
760 2840 846 2884 εεεειυ
875 2821 924 2884 lec
957 2821 1016 2884 loto
1038 2822 1100 2902 est).
1145 2823 1210 2886 Huc
1231 2823 1320 2893 etiam
1342 2822 1414 2884 illud
1436 2820 1564 2901 pertinet
1584 2821 1663 2900 quod

301 2925 434 2989 abutitur
469 2923 549 2985 nudo
583 2921 680 2984 dativo
708 2925 744 2985 ad
777 2923 917 2986 ablativos
940 2922 1060 2986 Latinos
1087 2926 1266 3000 reddendos,
1297 2924 1425 2987 maxime
1453 2924 1485 2985 in
1507 2923 1662 2986 consulatu

301 3027 467 3092 denotando
490 3025 584 3106 (velut
605 3023 672 3098 9,4
699 3029 844 3110 Τιβερίῳ
869 3028 997 3105 Νέρωνι
1020 3023 1076 3089 καὶ
1098 3022 1192 3111 Neripi
1216 3031 1362 3091 Πείσωνι
1385 3021 1553 3106 ὑπάτοις),
1577 3045 1663 3107 prac-

161 3153 170 3176 ¹
301 3141 380 3194 terea
409 3130 458 3204 16,
484 3128 522 3189 12
550 3125 643 3209 ἐμοῖς
673 3127 799 3202 αλσίοις
828 3129 961 3202 ολωνοῖς
990 3132 1071 3212 (rner's
1097 3133 1256 3212 auspiciis),
1287 3131 1392 3204 15,17
1420 3126 1663 3210 προκατειλημ-

301 3236 401 3317 μένας
427 3228 561 3314 πολέμῳ
590 3228 732 3316 δουλικῷ
762 3233 823 3295 scil.
851 3231 1008 3296 Σικελίαν
1035 3231 1090 3295 καὶ
1119 3231 1239 3315 Σαρδιό
1265 3233 1433 3313 (occupatos
1456 3229 1527 3294 lello
1550 3232 1662 3308 ciuilil3

304 3339 331 3408 1,
349 3337 385 3397 11
418 3331 612 3417 ἀμφοτέρων
639 3335 704 3398 τῶν
731 3330 870 3398 όπάτων
897 3330 1031 3419 πολέμῳ
1064 3335 1288 3401 πεπτωκότων
1317 3340 1393 3413 (cum
1423 3335 1520 3396 corrsul
1545 3346 1663 3415 uterque

302 3439 374 3502 dello
402 3438 567 3518 cecidisset),
596 3439 720 3500 debebat
742 3436 777 3500 έν
807 3435 959 3520 πολέμῳς
985 3441 1012 3513 1,
1031 3438 1069 3500 18
1097 3437 1150 3513 δὶς
1172 3437 1308 3524 ένίκησα
1329 3435 1514 3518 παρατάξει
1536 3437 1663 3517 (uiridis

303 3544 383 3624 acie),
404 3561 583 3623 quamquam
599 3543 648 3604 hic
662 3561 746 3604 error
761 3561 825 3604 esse
840 3551 938 3622 potest
959 3542 1113 3622 lapicidam
1136 3552 1214 3605 recte
1229 3544 1335 3624 legitur
1359 3544 1407 3617 14,
1424 3542 1464 3604 20
1480 3543 1663 3624 κατέκοψεν

302 3645 338 3710 έν
366 3641 566 3726 παρατάξεις
594 3646 639 3708 bis
666 3646 792 3725 deniquo
819 3645 899 3726 quod
920 3645 1071 3726 Augustus
1100 3646 1259 3727 scripserat
1280 3666 1344 3710 αιυι
1371 3646 1518 3710 consulari
1544 3648 1663 3725 imperio

302 3749 350 3811 illc
384 3749 498 3824 (4,16.
521 3747 580 3828 21)
616 3749 827 3830 interpretatus
861 3757 905 3809 est
940 3743 1087 3837 ύπατικῇ
1119 3747 1262 3828 ἐξουσία.
1314 3749 1447 3811 Pertinet
1483 3749 1540 3809 huc
1573 3747 1661 3808 etiarn

303 3852 526 3935 participiorum
557 3871 630 3914 usus
660 3853 695 3914 ad
729 3852 929 3914 Romanorum
963 3853 1205 3915 consuetudinem
1240 3852 1414 3932 plerumque
1449 3854 1661 3930 frequentatus,

303 3956 398 4028 velut,
429 3965 463 4017 ut
485 3974 578 4017 unum
603 3975 638 4017 ex
662 3955 765 4017 multis
787 3958 933 4035 proteram
955 3956 1120 4036 exemplum
1147 3957 1196 4034 11,
1215 3953 1253 4016 12
1271 3956 1416 4038 θέατρον
1436 3951 1493 4015 dni
1517 3949 1663 4036 έδάφους

303 4056 338 4120 έκ
362 4055 520 4120 πλείστου
543 4059 661 4140 μέρους
683 4053 930 4139 άγορασθέντος
952 4053 1125 4141 ἀνήγειρας
1152 4078 1218 4120 raro
1239 4077 1309 4120 vero
1335 4057 1402 4119 talia
1424 4057 1458 4118 ad
1483 4057 1659 4118 Graecorum

302 4163 380 4242 leges
403 4170 548 4233 correcta,
576 4162 656 4224 velut
681 4161 764 4235 13,6
790 4155 812 4223 ά
836 4160 909 4239 toto
931 4161 1018 4240 εἶχεν
1041 4156 1257 4244 ἱεροσυλήσας
1283 4161 1369 4244 (quoe
1396 4161 1523 4241 spoliatis
1550 4161 1662 4240 templis

300 4261 488 4345 possederat).
526 4263 664 4326 Latinum
681 4265 774 4345 magis
789 4282 876 4344 quam
894 4265 1038 4326 Graecum
1054 4282 1142 4325 usum
1159 4264 1262 4346 resipit
1284 4263 1459 4326 vocabulum
1481 4259 1662 4346 πράγματα

303 4368 399 4442 2,15.
418 4362 533 4429 16διά
554 4365 596 4429 τά
619 4363 797 4450 πράγματα
821 4367 858 4443 (si
880 4367 952 4428 lraec
973 4375 1052 4429 recte
1074 4366 1206 4448 suppleta
1230 4369 1314 4449 sunt)
1337 4362 1360 4430 ά
1380 4361 1592 4450 κατάρθωσα
1613 4366 1661 4448 (od

302 4490 348 4534 res
370 4489 447 4534 ουιτ
458 4489 593 4553 prospere
606 4469 710 4553 pestes)
726 4481 756 4534 et
772 4472 800 4546 5,
816 4471 845 4533 6.
862 4472 881 4531 7
904 4467 1039 4532 πολλῶν
1059 4468 1261 4553 πραγμάτων
1278 4473 1412 4554 μίμημα
1433 4467 1575 4552 ἐμαυτόν
1589 4479 1660 4544 τοῖς

303 4575 481 4656 μετέπειτα
504 4572 683 4657 παρέδωκα
698 4575 769 4657 (lpse
783 4576 942 4637 multorum
962 4591 1064 4636 rerum
1084 4575 1216 4656 exemplo
1238 4576 1376 4638 imitando
1394 4577 1515 4655 posteris
1530 4573 1660 4654 tradidi).

303 4678 436 4758 Denique
458 4677 656 4742 memorabilis
678 4687 724 4740 cst
745 4676 957 4759 interpretandi
978 4676 1053 4738 ratio
1078 4678 1105 4752 1,
1122 4679 1150 4738 4.
1167 4679 1202 4739 5:
1230 4678 1348 4760 scripsit
1369 4679 1520 4757 Augustus
1546 4685 1662 4740 εεκοῖτιε

305 4783 420 4845 macto
443 4781 605 4862 honorificis
626 4784 658 4843 ιἰι
679 4783 806 4846 ordinem
827 4799 910 4844 nrum
933 4799 977 4843 me
999 4779 1115 4860 udlepit,
1145 4799 1221 4860 quae
1242 4781 1290 4843 ille
1312 4799 1371 4843 nou
1394 4780 1512 4861 quidem
1535 4781 1573 4842 ad
1594 4799 1663 4842 ver-
