3656 5444
803 389 836 458 V,
855 393 924 446 6-8
1495 397 1536 460 99

189 576 315 638 55555515
351 575 538 638 statuendum
572 583 617 636 est
648 574 683 636 ad
719 573 825 635 bellum
854 592 945 652 usque
968 572 1116 634 Actiacum
1139 572 1285 652 illyricum
1314 573 1343 635 in
1374 573 1538 655 provinciae

189 684 313 742 sormam
347 699 405 741 non
434 679 473 740 ita
500 697 564 740 esse
595 679 758 752 redactum,
793 685 827 739 ut
853 695 939 739 suum
968 685 1139 756 certumque
1166 677 1263 738 locum
1293 686 1418 754 teneret;
1444 698 1538 758 neque

190 789 351 862 refragatur
373 793 472 844 rerum
497 781 646 843 memoria.
688 781 803 844 Scilicet
824 791 917 844 551515
939 781 1043 842 liberae
1066 779 1108 841 rei
1129 779 1262 860 publicae
1277 781 1409 862 exiguam
1425 792 1538 862 partem

192 889 255 950 eius
270 907 344 969 quae
356 887 496 948 Romanis
512 897 574 947 turn
588 885 707 965 parebat
722 905 780 946 non
798 885 1038 966 comprehensam
1055 882 1171 963 quidem
1188 903 1251 947 esse
1263 885 1369 948 Galliae
1384 886 1540 967 cisalpinae

197 992 343 1064 vocabulo,
367 991 418 1052 sed
441 1009 497 1052 una
521 1008 587 1050 cum
611 1007 643 1050 ea
659 989 853 1054 administrari
870 991 984 1052 solitam
1001 1007 1074 1061 esse,
1097 987 1183 1050 hodie
1197 989 1328 1069 plerique
1343 990 1540 1063 consentiunt,

193 1114 288 1174 neque
318 1095 367 1174 qui
396 1093 532 1155 dissentit
555 1091 702 1172 Zippelius
729 1093 785 1172 (die
805 1093 941 1156 romische
961 1091 1131 1171 Herrsoholt
1150 1097 1181 1153 15
1200 1091 1321 1171 1115555
1341 1112 1369 1174 p.
1394 1092 1453 1155 180
1465 1093 1540 1173 seq.)

192 1197 450 1260 administrationis
480 1203 626 1276 separatae
654 1205 860 1274 argumentum
895 1197 1034 1258 idoneum
1063 1195 1154 1256 ullum
1183 1195 1288 1256 attuit.
1333 1196 1388 1258 Per
1410 1206 1541 1278 tempora

194 1301 261 1362 belli
282 1301 373 1362 civilis
395 1300 472 1361 inter
494 1298 644 1360 Caesarem
669 1307 698 1360 et
720 1298 892 1379 Pompeium
921 1309 955 1375 51
977 1299 1081 1360 deinde
1108 1297 1162 1359 sub
1185 1298 1305 1361 Caesare
1329 1300 1468 1362 dictatore
1491 1299 1542 1378 qui

194 1405 307 1486 lllyrico
333 1407 522 1484 praefuerunt
544 1422 569 1464 a.
586 1403 647 1464 705
670 1402 701 1463 C.
718 1403 863 1465 Antonius
887 1404 1049 1479 (Drumann
1074 1404 1100 1476 1,
1118 1401 1203 1477 5211,
1230 1423 1282 1484 per
1303 1424 1328 1465 a.
1346 1405 1406 1466 706
1429 1412 1458 1465 et
1480 1403 1541 1465 7117

194 1507 415 1581 5555515155
449 1515 587 1586 quaestor
617 1524 671 1587 pro
704 1515 838 1588 praetore
862 1505 1202 1584 115511.1155.42-47;
1230 1507 1381 1569 Drumann
1405 1507 1434 1581 2,
1456 1507 1542 1588 618),

192 1633 220 1674 5.
236 1612 296 1674 708
319 1612 351 1672 P.
368 1608 517 1692 'Sulpicius
545 1610 640 1672 llulus
663 1609 775 1686 (Cicero
804 1611 840 1672 ad
863 1614 930 1671 lam.
954 1610 1003 1686 13,
1024 1611 1087 1690 77),
1115 1631 1142 1672 5.
1163 1612 1336 1672 709-711
1362 1611 1394 1672 Ρ.
1409 1611 1543 1674 Vatinius

194 1716 306 1791 (Cicero
328 1714 362 1776 ad
386 1717 456 1776 lam.
472 1716 500 1788 5,
517 1715 637 1786 9-11,
670 1713 744 1774 Phil,
764 1715 855 1787 1115,
875 1716 930 1786 11;
964 1715 1234 1796 155155115513
1257 1719 1335 1789 cet),
1363 1715 1542 1795 provinciam

198 1820 249 1895 (ita
276 1818 475 1899 appellatura
498 1817 619 1878 Caesare
640 1817 668 1877 b.
685 1818 718 1878 G.
735 1819 764 1890 5,
782 1820 814 1891 1;
842 1817 979 1880 Cicerone
1002 1821 1070 1878 lam.
1088 1819 1137 1892 13,
1153 1821 1208 1894 77;
1235 1830 1352 1881 5551555
1375 1819 1441 1880 belli
1464 1819 1542 1879 1155.

195 1924 215 1984 1.
231 1923 269 2001 5.)
293 1941 425 1984 seorsum
455 1921 711 1993 administrarunt,
741 1931 770 1982 et
801 1921 895 1982 adlruc
921 1924 980 1982 1555
1009 1921 1187 1984 credidimus
1210 1923 1278 1984 iude
1299 1922 1447 2002 lllpricum
1475 1941 1544 2003 pro-

198 2025 320 2088 vinciam
343 2025 483 2104 55551555.
527 2024 583 2086 Sed
606 2032 639 2085 ut
653 2023 798 2085 Antonius
821 2033 851 2086 et
865 2024 1037 2087 Cornificius
1061 2028 1123 2089 sine
1146 2026 1234 2088 dubio
1257 2025 1324 2088 belli
1345 2026 1434 2087 duces
1455 2026 1546 2105 magis

198 2135 318 2192 luerunt
339 2147 427 2209 quam
450 2127 614 2208 5555155155
636 2127 792 2207 praesides,
816 2127 855 2188 ita
877 2127 953 2190 idem
977 2129 1064 2191 etiam
1087 2131 1123 2191 dc
1140 2129 1269 2210 Sulpicio
1291 2138 1321 2191 et
1335 2128 1450 2191 Vatinio
1465 2139 1545 2190 recte

196 2233 286 2296 statui
316 2240 429 2313 potest,
460 2250 525 2294 cum
556 2231 664 2292 bellum
696 2239 796 2292 contra
825 2229 970 2293 Dalmatas
999 2233 1044 2294 vel
1072 2243 1139 2313 post
1165 2233 1246 2294 civile
1273 2233 1390 2295 linitum
1419 2232 1545 2306 durarit3

196 2346 226 2398 et
254 2355 321 2398 cum
350 2335 454 2397 Caesar
482 2335 544 2413 ipse
573 2333 604 2394 in
631 2334 764 2413 regiones
786 2333 968 2396 1155555555
996 2337 1209 2416 expeditionem
1239 2345 1430 2416 suscepturus
1459 2345 1545 2410 esset,

198 2449 312 2502 tautum
335 2439 426 2512 abest,
455 2448 488 2498 ut
512 2446 627 2499 constet
648 2457 682 2499 eo
705 2447 835 2518 tempore
857 2437 935 2500 inter
956 2440 1120 2520 provincias
1142 2441 1245 2502 sortito
1268 2439 1425 2519 quotannis
1446 2439 1546 2500 distri-

198 2544 283 2605 butas
306 2542 418 2623 illyrico
440 2542 537 2603 locum
560 2542 661 2602 datum
684 2561 758 2616 esse,
787 2550 820 2604 ut
841 2543 997 2604 verisimile
1025 2543 1063 2604 sit
1088 2543 1166 2604 inter
1188 2543 1289 2605 turbas
1311 2543 1408 2604 civiles
1430 2562 1547 2606 rerum-

198 2667 254 2727 que
277 2645 477 2708 confusionem
498 2653 623 2706 mortem
647 2644 709 2706 5155
729 2655 914 2708 consecutam
931 2646 1212 2709 administrationem
1230 2647 1315 2708 liuius
1331 2645 1457 2725 regionis
1479 2665 1547 2707 mu-

199 2751 315 2814 tandam
348 2753 470 2811 fortasse
499 2749 590 2828 magis
612 2767 700 2829 quam
725 2758 866 2812 mutatam
888 2749 919 2811 in
941 2749 1059 2830 antiqua
1082 2755 1175 2812 155555
1198 2751 1350 2812 mansisse.
1388 2750 1459 2811 Vere
1481 2759 1549 2831 post

199 2856 306 2918 bellum
341 2855 458 2916 51555555
494 2852 687 2914 Dalmaticum
715 2873 731 2915 a
765 2851 885 2915 Caesare
918 2853 977 2914 lilio
1011 2863 1125 2932 gestum
1158 2854 1304 2935 Illyricum
1337 2853 1476 2915 Romanis
1509 2854 1549 2914 ita

198 2959 327 3040 parebat,
350 2967 383 3019 ut
404 2957 480 3019 15515
502 2955 754 3018 administratione
777 2957 902 3037 amplius
925 2976 1023 3019 carere
1045 2977 1106 3020 uon
1120 2967 1229 3039 555551.
1266 2959 1303 3019 11
1319 2957 1347 3019 id
1364 2956 1472 3019 bellum
1489 2975 1547 3018 non

198 3064 235 3125 ad
264 3063 351 3124 finem
380 3061 554 3142 perductum
584 3069 642 3134 551,
679 3061 728 3122 sed
756 3061 914 3142 abruptum
943 3062 1159 3140 quodammodo
1186 3061 1317 3136 1511555;
1345 3060 1443 3140 itaque
1470 3061 1549 3141 quod

199 3166 276 3246 cogit
297 3165 343 3226 hic
364 3164 446 3227 locus
469 3173 503 3226 ut
524 3172 697 3238 statuamus,
720 3163 866 3245 Illyricum
880 3175 948 3246 post
962 3185 987 3226 a.
1005 3165 1064 3226 722
1080 3168 1205 3227 formam
1221 3165 1354 3227 stabilem
1370 3165 1551 3246 praesidem-

200 3290 256 3350 que
279 3287 365 3330 suum
388 3269 534 3347 accepisse
556 3285 655 3329 rerum
672 3267 812 3330 memoria
828 3267 949 3331 omnino
964 3269 1102 3332 admittit.
1131 3268 1204 3332 Nam
1220 3269 1317 3331 locum
1335 3288 1423 3331 suum
1440 3269 1552 3332 obtinet

200 3371 345 3452 illyricum
368 3370 400 3432 in
414 3371 555 3432 divisione
569 3369 786 3451 provinciarum
808 3372 886 3434 15155
905 3373 1056 3435 Caesarem
1080 3383 1110 3436 et
1131 3384 1266 3435 senatum
1288 3393 1313 3434 a.
1330 3371 1390 3434 727
1414 3372 1550 3435 instituta

200 3475 265 3556 (1115
289 3474 412 3550 53,12;
444 3477 482 3535 51.
506 3475 610 3536 Strabo
634 3476 683 3549 17,
699 3473 728 3548 3,
749 3475 789 3536 25
811 3497 841 3557 5.
857 3475 941 3544 84111.
992 3479 1085 3539 15155
1118 3486 1217 3539 autem
1250 3477 1302 3539 uhi
1335 3477 1370 3539 de
1402 3475 1551 3557 provincia

200 3579 314 3660 Illyrico
337 3579 389 3640 llio
412 3578 639 3640 555151551151
664 3578 729 3640 1555
754 3598 843 3660 55555
872 3579 1000 3643 indicato
1027 3591 1056 3644 et
1082 3581 1246 3656 51155548,
1272 3580 1323 3654 28,
1351 3600 1421 3643 5555
1448 3581 1552 3644 5515115

201 3681 445 3744 consuetudinem
467 3692 500 3744 51
523 3682 598 3744 55151
619 3691 737 3744 secutus
760 3692 814 3744 551

279 4011 342 4054 555.
361 3993 418 4068 5,5
447 3993 505 4066 Qui
531 3992 587 4055 sub
613 3994 707 4072 1515515
728 3994 888 4071 5551515551
910 3993 1112 4068 militaverint,
1140 3993 1433 4056 1555551555515515
1455 3992 1553 4074 5115555

225 4094 237 4139 l
406 4117 418 4157 a
449 4091 557 4176 lquam
580 4115 641 4170 555,
665 4096 695 4156 15
722 4096 766 4174 ills
788 4101 838 4179 55·
856 4099 901 4158 551
922 4108 987 4158 5515
1008 4098 1053 4160 551
1072 4098 1179 4178 5551155
1199 4097 1415 4160 5555515515511
1432 4097 1552 4158 suntad

408 4217 422 4259 a
449 4217 519 4261 eum
546 4198 623 4260 diem
644 4197 649 4281 Ι
668 4201 726 4280 qud
749 4199 856 4281 scripta
878 4201 1055 4278 5515111555,
1082 4221 1206 4275 5555555,
1228 4201 1401 4278 5555551155
1422 4199 1556 4278 5115511155

445 4301 585 4384 515511

226 4426 272 4468 un.
291 4407 338 4482 13,
353 4423 381 4468 15
395 4423 420 4468 55
453 4401 570 4469 015151
590 4404 703 4487 diplois
724 4409 873 4489 σημείοις
892 4403 974 4482 eolre
999 4402 1285 4491 cepaeaolodpavor
1308 4403 1392 4490 ἦσαν
1419 4404 1557 4490 συνκλη-

395 4527 422 4572 51
448 4507 543 4591 551551
570 4507 706 4582 πλείους
732 4505 983 4590 ἕπτ1α15551155ν·
1013 4506 1068 4590 [dlv
1094 4505 1217 4588 [αὐτοῖς
1242 4514 1278 4572 ol
1302 4507 1322 4594 ἢ
1347 4507 1508 4594 πρότερον
1536 4505 1557 4592 ἢ

353 4632 380 4674 ea
395 4631 422 4676 11
451 4612 455 4692 1
478 4607 857 4696 5551555511511555155
881 4606 1034 4692 1515151555
1056 4613 1103 4686 εἰς
1130 4612 1296 4698 ἐκ1ε1ί1ν1ην
1318 4609 1557 4698 5151551555,

344 4719 416 4792 14,1
446 4715 480 4779 ἐν
503 4709 522 4806 ᾗ
550 4717 652 4780 ταῦτα
674 4718 875 4799 γέγραπτα1ι,
903 4711 1268 4799 1151555515555551115,
1291 4713 1559 4801 1551511ς11πρόσ-

449 4842 515 4884 nov
538 4818 654 4884 ἑκατὸν
677 4817 932 4905 1155511515555.

1363 4919 1401 4975 7*
