3656 5444
758 397 792 468 V,
812 401 917 456 eo-ts
1453 404 1514 467 125

165 587 237 665 hug.
253 583 309 644 21:
333 582 431 644 Portbi
450 617 491 627 -
513 586 595 662 siquo
615 581 756 643 militaria
777 599 849 660 quoe
865 579 902 641 bl.
921 577 1023 642 Crasso
1045 589 1071 641 et
1086 579 1123 640 bl.
1142 577 1261 642 Antonio
1282 579 1447 642 ademeram
1467 599 1516 642 rc-

162 692 290 772 poscenti
313 686 499 750 reddiderum
525 687 686 767 obsidesque
711 688 828 764 insuper
855 683 1024 746 obtulenem.
1069 682 1263 756 7411.2,91;
1298 683 1333 744 ab
1355 702 1421 764 rege
1441 683 1516 746 Par-

166 793 279 878 thorum
300 795 382 872 siqna
403 789 549 862 llomana,
572 808 644 872 prae
668 787 773 850 Crasso
796 805 925 867 oppresso
949 787 1071 862 Orodes,
1101 793 1172 868 quae
1194 787 1314 849 limonio
1333 787 1416 868 pulso
1438 787 1518 868 fidius

166 901 226 959 eius
248 893 402 957 Pbrabates
424 903 569 975 ceperant,
593 894 717 972 luqusto
740 894 857 952 remnsa
879 901 953 952 mm.
998 891 1041 952 lo
1068 890 1166 953 locum
1188 889 1305 970 Vergilii
1328 890 1464 952 Aeneidis
1488 893 1516 965 7,

166 1000 242 1062 605;
265 1017 315 1060 sen
329 997 458 1079 (parant)
474 997 586 1060 tondere
607 997 646 1059 ad
660 995 747 1058 ludos
762 995 958 1076 Auroramque
980 999 1060 1076 sequi
1072 994 1242 1074 Parthosque
1263 1011 1407 1074 reposcere
1426 997 1515 1074 siquo,

166 1103 308 1183 scriptum
337 1101 459 1163 omnino
486 1109 552 1162 ante
575 1098 657 1178 41344
679 1106 795 1178 recepta
819 1107 881 1160 tum
903 1117 974 1160 enm
1003 1095 1037 1160 ab
1061 1097 1226 1178 recipienda
1249 1095 1297 1158 illa
1319 1097 1465 1178 expeditio
1485 1099 1516 1159 14

167 1206 317 1270 Orientem
347 1204 443 1285 parari
470 1204 628 1285 putabatur
649 1203 698 1276 (ci.
715 1199 853 1262 lloratins
877 1219 966 1262 carm.
985 1202 1011 1274 1,
1030 1200 1078 1276 12,
1095 1201 1144 1262 56.
1160 1200 1190 1274 3,
1207 1201 1235 1274 5,
1252 1201 1283 1276 4)
1315 1200 1517 1264 commentarii

166 1311 349 1373 Veronenses
372 1308 528 1370 adnotant:
552 1325 622 1389 quiae
643 1305 750 1367 Licinio
775 1303 878 1366 Croeso
899 1305 1047 1385 imerfecto
1074 1309 1279 1386 interceperant
1301 1303 1401 1367 Parthi
1407 1331 1417 1381 ‚·
1450 1304 1518 1368 baec

166 1416 286 1496 [recepit]
309 1412 456 1494 luqueius.
512 1411 606 1473 lluim
630 1410 703 1489 sacti
723 1408 809 1469 Nisae
831 1407 888 1488 (414
908 1407 995 1487 liber)
1016 1419 1269 1489 repraesentamur
1294 1411 1324 1470 in
1356 1426 1442 1482 aron,
1470 1413 1520 1489 qni

167 1532 207 1582 est
228 1524 312 1582 inmo
333 1517 431 1580 oedem
453 1517 512 1578 dieii
532 1514 608 1577 lolii.
644 1513 752 1574 orcum
776 1529 843 1573 eum
868 1529 936 1573 cnm
958 1511 1106 1592 quadrigis
1129 1512 1322 1592 superpositis
1349 1520 1519 1593 proponunt
1604 1553 1614 1568 .

168 1621 283 1685 nummi
317 1621 390 1694 duo,
429 1620 504 1682 alter
536 1637 604 1681 enm
636 1624 860 1697 repraesentans
894 1633 962 1677 cum
994 1615 1185 1696 inscriptione
1223 1615 1254 1677 in
1286 1615 1418 1696 epistylio
1451 1619 1518 1696 imp.

168 1747 202 1788 rr
216 1737 253 1788 tr.
264 1744 311 1807 po.
332 1723 417 1805 r(=
428 1742 453 1785 4.
467 1721 583 1798 73516),
599 1721 675 1783 14144
691 1738 790 1781 arcum
806 1739 829 1780 s.
841 1737 867 1800 p.
882 1739 907 1799 q.
919 1737 943 1781 r.
967 1719 1024 1797 trel
1035 1740 1058 1781 s.
1069 1739 1099 1800 p.
1110 1719 1149 1798 r.)
1164 1722 1251 1800 signis
1264 1723 1383 1799 receptis
1399 1717 1519 1794 (Eckhel

169 1827 294 1902 6,190;
323 1824 422 1888 Cohen
444 1825 518 1905 hug.
533 1845 563 1887 n.
579 1824 664 1904 298),
687 1824 759 1885 alter
787 1841 856 1884 eum
884 1823 1041 1885 ostendens
1063 1842 1131 1885 cum
1156 1821 1305 1902 quadrigis
1327 1841 1415 1903 supra
1440 1841 1518 1896 eum,

168 1931 352 1994 adstantibus
374 1929 524 2009 utrimque
538 1927 654 1991 Parthis
670 1927 784 1989 duobus
798 1926 881 2006 sigua
896 1926 1087 2000 tradentibus,
1110 1925 1257 2006 adscripto
1279 1946 1300 1988 s.
1314 1946 1344 2006 p.
1360 1947 1385 2009 q.
1400 1925 1436 1988 ll.
1451 1931 1519 2008 imp.

172 2033 291 2098 Caesari
302 2035 372 2115 143.
388 2052 443 2096 cos.
460 2053 495 2094 nr
508 2043 543 2093 tr.
556 2043 614 2112 pot.
637 2051 666 2091 rr
677 2035 731 2108 (=
742 2050 766 2092 a.
781 2029 888 2111 73617)
903 2030 929 2110 )(
944 2031 1023 2093 cioib.
1039 2042 1065 2093 et
1079 2034 1150 2112 sign
1167 2029 1248 2092 milit.
1264 2049 1283 2092 a
1297 2029 1374 2092 Part.
1390 2048 1518 2112 renuper.

171 2138 281 2216 (114144
297 2138 369 2217 hug.
385 2157 414 2199 n.
432 2135 580 2215 82-85).
611 2135 763 2198 Praeterea
777 2137 814 2196 cl.
831 2134 884 2196 1114
900 2133 950 2208 53,
967 2134 1017 2196 33.
1033 2135 1083 2208 54,
1100 2134 1137 2209 8;
1160 2133 1323 2196 6444141141.
1338 2134 1384 2197 ad.
1400 2154 1425 2196 a.
1443 2134 1521 2210 734;

170 2244 255 2305 Oros.
272 2242 300 2316 6,
317 2240 367 2314 21,
383 2240 440 2314 29;
462 2240 566 2301 Florus
582 2239 610 2313 2,
627 2239 684 2314 34;
707 2237 865 2318 Eutropius
882 2240 910 2312 7,
927 2238 957 2312 9,
979 2237 1031 2319 qni
1052 2257 1155 2300 omnes
1170 2256 1231 2300 444
1247 2238 1447 2301 meminerunt
1461 2238 1519 2301 nisi

170 2345 392 2409 Crassianomm
415 2344 575 2425 signorum.
614 2342 711 2404 Crassi
733 2341 828 2404 clades
850 2360 876 2403 a.
892 2361 922 2403 u.
938 2360 964 2402 e.
981 2342 1039 2403 791
1064 2341 1217 2405 notissima
1240 2352 1285 2405 est
1306 2331 1461 2424 egeratque
1483 2343 1519 2404 de

170 2451 261 2530 signis
276 2449 446 2528 civibusque
462 2457 527 2510 tum
541 2445 633 2528 captis
648 2444 838 2508 restituendis
853 2444 911 2506 iam
927 2441 1004 2507 cum'
1011 2445 1135 2508 Phraate
1146 2447 1291 2510 44144144
1307 2446 1439 2526 (111449,
1455 2446 1518 2524 24).

171 2552 289 2616 Antonii
311 2561 420 2626 autem,
444 2570 512 2613 cum
535 2549 625 2612 trium
649 2549 830 2612 exercituum
845 2547 1046 2611 Romanorum
1063 2549 1145 2630 signa
1159 2551 1309 2630 44344144
1325 2559 1423 2632 ponat,
1445 2551 1520 2612 dnos

171 2657 315 2721 exercitus
338 2656 485 2718 aParthis
507 2655 599 2718 victos
622 2673 685 2717 4444
709 2653 861 2733 4134111441.
896 2651 1037 2714 Similiter
1052 2651 1190 2715 Horatius
1213 2653 1369 2716 41441114
1392 2655 1519 2716 carmine

172 2763 214 2842 (3,
229 2762 263 2838 6)
286 2760 396 2842 scripto
418 2779 444 2822 a.
461 2759 522 2822 726
545 2758 622 2838 (vide
645 2775 733 2838 supra
755 2753 792 2818 ad
814 2757 844 2828 4,
870 2756 937 2836 17);
960 2760 1018 2818 iam
1041 2758 1081 2819 bis
1096 2757 1240 2820 Monaeses
1261 2769 1288 2820 et
1302 2757 1405 2820 Pacori
1417 2777 1521 2820 manses

171 2885 229 2929 non
256 2869 415 2946 auspicatos
442 2863 568 2927 comedit
595 2866 715 2941 impetus
741 2869 851 2922 nostros
877 2869 903 2921 et
930 2861 1061 2922 adien'sse
1082 2861 1222 2942 praedam
1243 2863 1389 2943 torquibus
1411 2867 1521 2942 eripuis

172 2971 286 3040 renidet,
309 2969 344 3030 ad
366 2986 454 3048 quem
476 2967 573 3029 locum
597 2966 669 3028 haec
683 2963 861 3045 Porphyris:
884 2964 926 3026 bis
940 2961 1060 3028 Parthos
1076 2965 1217 3027 rettulisse
1232 2966 1264 3028 de
1279 2967 1360 3028 nobis
1373 2969 1520 3028 oictorrhm

172 3073 258 3146 dimi,
286 3076 353 3154 quia
378 3083 404 3134 et
429 3070 564 3134 Crassum
591 3081 675 3132 anteo
700 3080 727 3131 et
753 3079 812 3129 tum
835 3067 980 3130 Decidium
1002 3067 1114 3130 Sonam
1141 3073 1172 3130 in
1194 3068 1279 3148 83114
1307 3073 1383 3145 (cnm
1410 3068 1521 3132 decium

172 3195 274 3240 socom
296 3180 328 3238 in
351 3180 416 3238 oria
438 3173 642 3252 4411114444.)
665 3171 831 3234 occiderem.
883 3171 997 3233 Erravit
1022 3171 1167 3252 interpres
1193 3172 1228 3234 (14
1251 3182 1347 3253 strage
1369 3171 1521 3234 Crassiana
1549 3195 1552 3203 ⁴

173 3282 302 3361 cogitans
328 3279 364 3342 ab
386 3279 475 3341 huius
497 3276 636 3340 carminis
658 3283 832 3356 argumento
855 3275 948 3337 aliena
974 3276 1128 3356 nequead
1151 3276 1316 3339 Monaesen
1340 3275 1521 3339 Pacorumrc

173 3383 337 3457 reserende3
366 3392 444 3444 recte
473 3391 572 3444 autem
596 3382 687 3444 Saxae
715 3379 894 3440 mentionem
918 3378 1009 3441 inicit.
1059 3381 1175 3443 Scilicet
1201 3381 1294 3461 tangit
1317 3391 1402 3462 poeta
1424 3380 1520 3444 clades

173 3486 246 3548 duas
268 3484 446 3548 Antonianas
469 3484 589 3546 alteram
612 3503 638 3546 a.
655 3484 725 3557 714,
748 3501 807 3563 qno
828 3480 860 3543 L.
877 3481 1013 3546 Decidius
1036 3484 1110 3547 Saxa
1131 3486 1230 3566 Syriae
1251 3486 1363 3566 legatus
1386 3485 1522 3547 aPaceri

174 3589 298 3654 ducibus
324 3589 419 3652 rictus
447 3597 477 3650 et
498 3589 669 3651 interiectus
695 3594 740 3648 est
763 3585 927 3664 (94414444
952 3589 978 3662 1,
1003 3584 1094 3666 436),
1124 3590 1243 3651 alteram
1266 3609 1291 3650 a.
1308 3589 1385 3663 718,
1413 3609 1470 3670 qua
1491 3591 1521 3652 14

173 3693 356 3776 expeditione
378 3692 472 3773 ipsius
494 3691 610 3754 4414411
634 3693 708 3754 duae
729 3689 857 3771 legiones
879 3709 946 3752 cum
975 3691 1070 3771 legato
1098 3693 1193 3774 Oppio
1217 3693 1346 3756 81411444
1368 3713 1384 3756 4
1406 3693 1522 3756 Parthis

174 3799 324 3880 Medisque
346 3797 381 3860 ao
403 3797 631 3860 internecionem
655 3815 755 3858 caesae
778 3803 848 3857 sunt
862 3795 1028 3874 (llrumann
1046 3799 1072 3872 l,
1089 3798 1172 3877 454).
1207 3796 1338 3869 Quarum
1361 3796 1442 3877 signa
1457 3806 1522 3860 tum

175 3911 258 3983 capta
291 3920 358 3963 cum
383 3900 460 3963 lledi
481 3920 506 3963 4.
524 3901 582 3962 721
611 3899 669 3981 ipsi
695 3897 821 3960 Antonio
853 3898 1287 3977 14411414444101144944),
1321 3919 1395 3981 qnae
1423 3900 1523 3962 Parthi

175 4015 312 4087 ceperant
333 4023 395 4066 444
417 4004 553 4067 restituta
576 4013 647 4066 sunt
668 4001 725 4064 nisi
749 4019 815 4063 cum
839 4002 931 4082 413414
953 4002 1123 4066 6444414414.
1169 4002 1334 4066 Monaesem
1357 4003 1522 4084 accepimus

174 4119 295 4192 propter
317 4108 530 4171 dissensionem
553 4126 620 4169 cum
643 4125 711 4184 rege
733 4104 857 4167 Phraate
878 4125 904 4167 a.
922 4107 982 4167 717
1004 4127 1020 4169 4
1043 4107 1159 4170 Parthis
1181 4108 1290 4188 lugisse
1311 4109 1347 4172 ad
1363 4109 1522 4170 Antonium

175 4215 259 4295 eique
282 4233 313 4276 44
335 4212 477 4275 obtulisse
501 4212 605 4274 ducem
629 4209 696 4272 helli
719 4207 812 4270 futuri
833 4207 1065 4292 ellecturumque
1087 4232 1119 4274 sc
1140 4212 1348 4293 spopondisse,
1379 4222 1413 4276 ut
1434 4212 1523 4294 pleri-

175 4338 232 4399 que
254 4316 355 4380 Parthi
382 4326 487 4396 sponte
514 4335 566 4378 444
589 4313 730 4376 Romanis
759 4333 791 4376 se
820 4313 983 4390 traderent3
1013 4324 1166 4398 exceptum
1195 4317 1234 4380 ita
1257 4337 1311 4398 pro
1333 4335 1449 4380 summa
1472 4335 1523 4397 spe

175 4422 205 4484 in
228 4441 263 4482 4ο
285 4419 381 4502 posita
403 4418 538 4482 maximis
561 4419 722 4481 honoribus
745 4417 982 4499 destinatumque
1004 4419 1205 4495 abbaterio,
1235 4439 1323 4502 quem
1346 4419 1522 4482 Parthorum

175 4543 273 4606 regern
297 4526 413 4598 iaceret,
436 4541 504 4584 mon
526 4521 680 4585 aPhraate
704 4521 759 4583 sihi
782 4531 929 4584 metuente
951 4522 982 4584 14
1004 4523 1128 4604 patriam
1150 4517 1316 4586 revocatum
1340 4523 1523 4586 44444114-

177 4630 322 4692 columem
346 4627 500 4690 dimissum
523 4628 559 4689 ah
582 4626 708 4689 Antonio
731 4624 797 4707 (1114
812 4624 862 4700 49,
878 4624 928 4686 23.
946 4624 1003 4702 24;
1029 4626 1177 4689 Plutarch.
1192 4628 1260 4689 hnt.
1277 4627 1340 4708 87).
1382 4626 1467 4690 Hunc
1491 4636 1524 4688 nt

176 4732 207 4794 in
229 4732 304 4794 bello
326 4751 351 4794 a.
374 4731 436 4793 718
458 4730 575 4794 Parthis
603 4730 763 4811 praefuisse
791 4739 956 4793 statuamus
984 4739 1014 4792 et
1040 4731 1228 4813 praecipuum
1256 4742 1406 4794 auctorem
1432 4729 1522 4792 luisse

177 4835 267 4899 cladis
290 4835 451 4917 Oppianae,
481 4835 604 4916 requirit
630 4853 698 4897 cnm
725 4835 806 4898 locus
829 4834 1005 4897 Horatianus
1034 4844 1096 4898 tum
1123 4835 1201 4916 quod
1228 4845 1327 4898 narrat
1347 4834 1522 4897 Plutarchus
