3656 5444
289 337 351 401 102
900 336 932 402 V,
953 339 967 391 a
990 339 1021 392 10

231 551 236 562 ·
286 516 463 577 Graecarum
486 515 593 577 harum
618 515 710 578 maior
735 535 802 596 pars
825 536 905 578 nunc
927 517 1045 578 dentum
1068 519 1638 598 3313133333.-1131313331133311-

286 619 353 682 hius
381 621 463 696 (dhar
494 621 549 681 dan
576 639 633 681 zur
662 623 719 683 aeta
745 622 797 682 der
822 619 927 683 Gaburt
951 621 1056 683 Christi
1078 603 1637 703 9313113333033333315333.,3311.

286 725 357 786 dhar
379 723 433 784 den
450 721 559 785 Census
581 724 631 784 der
646 724 803 787 Kaa'serzait
824 745 852 804 p.
866 725 899 804 x)
915 744 1036 786 censum
1060 725 1159 787 intulit
1174 745 1209 788 eu
1225 726 1319 788 Lucae
1335 727 1483 807 evangelio
1500 727 1638 807 supplens

288 826 345 888 sio:
375 830 501 888 omnium
524 829 750 907 praeparatarum
781 847 894 890 camum
923 833 969 908 api
988 841 1014 891 at
1035 833 1161 908 curcul,
1190 833 1291 911 quibus
1314 841 1378 904 cet,
1402 849 1471 891 sane
1494 849 1638 910 perverse.

287 929 365 991 Idem
395 929 559 1010 provincias
589 949 664 1009 quae
692 940 828 1011 parerent
849 931 982 1010 Augusto
1008 934 1123 1013 negavit
1144 944 1223 996 recte
1246 933 1302 995 dici
1323 935 1424 1015 populi
1447 934 1587 1007 Romani3
1609 944 1639 994 at

286 1032 436 1112 Augustus
459 1033 602 1112 quidquid
627 1034 729 1106 tenuit,
753 1035 853 1115 populi
873 1035 992 1096 nomine
1009 1044 1106 1098 tenere
1123 1057 1153 1098 se
1170 1055 1286 1117 semper
1301 1041 1451 1117 professus
1466 1037 1638 1118 331113333-

288 1145 411 1216 tumque
438 1136 509 1198 adeo
533 1135 635 1197 scribit
656 1137 796 1199 adiecisse
819 1159 850 1200 se
872 1143 988 1220 irnperio
1007 1141 1109 1220 populi
1128 1140 1254 1202 Romani
1275 1143 1316 1216 (5,
1340 1140 1402 1220 24).
1427 1175 1466 1183 -
1489 1140 1587 1201 batti
1610 1150 1640 1200 et

288 1241 337 1302 Gr.
356 1242 393 1301 10
417 1240 664 1321 supplementum,
688 1242 766 1320 quod
789 1242 959 1322 Zumptium
984 1251 1102 1306 secutus
1125 1244 1154 1305 in
1178 1244 1222 1304 ed.
1246 1243 1342 1324 priore
1364 1243 1512 1324 proposui,
1535 1262 1638 1322 recog-

202 1377 204 1382 2
287 1343 348 1405 3113
381 1344 476 1424 lapide
511 1344 717 1405 confirmatum
748 1354 793 1408 est
824 1346 925 1426 paucis
959 1347 1095 1420 mutatis,
1130 1347 1282 1427 explosum
1316 1357 1413 1408 autem
1444 1347 1636 1426 Berghiauum

287 1456 380 1528 partas
401 1449 483 1528 padua
505 1459 600 1508 nostro
622 1448 741 1527 infestae
763 1452 995 1530 ενα-3113333313
1017 1459 1047 1512 et
1069 1448 1152 1534 ἔθνη
1177 1448 1332 1532 πολέμια.

387 1551 447 1612 lam
471 1550 577 1630 quibus
601 1551 635 1611 de
658 1550 816 1631 provinciis
839 1553 893 1614 hoc
912 1554 976 1616 loco
991 1553 1125 1634 cogitarit
1139 1555 1298 1633 Angustus,
1322 1554 1480 1615 videamus.
1498 1589 1538 1597 -
1553 1552 1637 1614 Fines

288 1656 374 1728 ancti,
397 1654 555 1734 dequibus
579 1653 635 1715 hoc
656 1654 749 1735 capite
772 1655 882 1734 agitur,
905 1658 939 1720 ad
964 1657 1117 1737 Hispanias
1140 1677 1200 1719 non
1222 1657 1409 1738 perveniunt,
1437 1657 1545 1738 quippe
1566 1677 1638 1736 qnae

288 1771 388 1841 gentes
415 1759 550 1821 barbaras
578 1758 694 1839 proprie
722 1759 860 1822 finitimas
888 1761 1029 1822 haberent
1062 1762 1166 1822 nullas.
1193 1795 1236 1804 -
1262 1759 1380 1840 lmperii
1407 1761 1481 1822 fines
1508 1760 1638 1840 Augusta

289 1863 367 1926 visos
393 1883 456 1924 esse
479 1860 659 1923 Germanicis
686 1863 748 1924 suis
776 1863 1009 1944 expeditionibus
1035 1883 1051 1924 3
1073 1865 1175 1926 Rheno
1198 1864 1325 1944 prolatos
1346 1864 1382 1924 ad
1405 1863 1498 1924 araim
1523 1883 1638 1924 neccsse

290 1975 336 2029 est
358 1975 521 2028 statuamus
543 1972 697 2044 propterea
724 1967 802 2044 quad
831 1965 918 2028 iniis
941 1986 1015 2046 quae
1037 1977 1201 2047 sequuntur
1224 1967 1408 2029 Germaniam
1432 1967 1472 2028 ait
1493 1966 1638 2046 pacavisse

289 2092 321 2132 se
343 2071 378 2132 ad
401 2071 509 2131 estium
533 2067 663 2129 llumiuis
684 2068 781 2143 llhis;
809 2071 930 2150 pacandi
952 2071 1030 2132 euim
1054 2071 1226 2133 vocabulum
1250 2089 1308 2131 non
1333 2080 1491 2150 usurpatur
1513 2070 1549 2131 de
1571 2089 1638 2148 agro

289 2173 419 2236 hostium
442 2190 580 2252 prospere
608 2182 772 2251 peragrato,
806 2174 856 2234 sed
882 2174 918 2235 de
946 2185 1022 2235 terra
1046 2174 1167 2254 imperio
1190 2174 1318 2235 subiecta
1342 2172 1461 2234 devictis
1483 2173 1638 2234 rebellibus

289 2280 324 2340 ad
348 2296 448 2358 pacem
472 2283 612 2337 revocata.
661 2273 765 2337 Caesar
787 2275 814 2337 b.
831 2277 864 2338 G.
890 2280 916 2351 1,
940 2277 973 2339 6:
995 2282 1070 2338 iuter
1091 2278 1161 2357 fines
1183 2275 1376 2339 Heluetiorum
1399 2287 1424 2338 ct
1447 2277 1637 2357 Allobropum,

289 2388 340 2464 qui
358 2399 451 2461 nuper
468 2385 566 2461 pacati
582 2389 672 2450 arant,
695 2379 851 2441 Rhodanus
871 2382 952 2459 [luit3
975 2383 1085 2443 Seneca
1099 2389 1159 2440 nat.
1176 2401 1204 2459 q.
1220 2381 1249 2453 6,
1273 2383 1305 2440 7:
1328 2382 1438 2442 madius
1451 2383 1525 2442 iuter
1536 2391 1639 2460 pacata

290 2497 315 2548 at
329 2486 443 2548 hostilia
463 2485 530 2563 11311
551 2483 701 2544 Danuuius
722 2495 747 2544 31
771 2483 894 2562 Rhenus,
917 2483 990 2546 alter
1005 2484 1179 2546 Sarmaticos
1200 2487 1319 2564 impetus
1346 2483 1473 2544 cohibens
1567 2483 1640 2543 alter

293 2589 448 2652 Germanos
474 2588 590 2649 auidam
614 2598 724 2667 pentem
753 2587 820 2648 tetta·
837 2587 992 2668 repellans;
1015 2588 1076 2648 Liv.
1093 2588 1122 2662 8,
1138 2587 1193 2648 34:
1222 2591 1281 2650 sine
1303 2599 1458 2650 commeatu
1479 2591 1546 2666 capi
1563 2587 1639 2648 urili-

289 2706 329 2756 tcs
355 2698 386 2755 13
413 2703 530 2773 pacato,
558 2695 588 2752 in
615 2689 717 2752 hostica
742 2701 845 2752 arent.
890 2691 932 2752 lta
954 2691 1078 2771 dirgnsti
1100 2690 1186 2753 verba
1211 2692 1370 2753 Suetonius
1392 2709 1508 2770 qnoque
1530 2689 1640 2769 accepit

291 2818 316 2860 c.
339 2797 394 2857 21:
426 2795 581 2857 Germanos
606 2792 686 2854 31133
707 2793 800 2855 Albim
828 2794 950 2872 {luciana
977 2799 1141 2866 semmaath
1168 2813 1263 2874 aeque
1290 2794 1368 2854 euim
1392 2795 1447 2854 hac
1469 2793 1640 2872 significavit

290 2902 451 2963 Germanos
473 2918 508 2960 ex
531 2897 616 2959 terris
638 2895 715 2957 inter
734 2897 869 2958 Rhenum
890 2907 920 2959 et
935 2897 1029 2958 dlbim
1045 2898 1253 2960 exterminatos
1269 2917 1342 2972 csse,
1364 2915 1436 2977 quas
1453 2905 1544 2958 terras
1560 2895 1640 2956 omui

290 3015 423 3086 tempore
445 3010 611 3075 tennerunt,
635 3001 685 3062 sed
708 3001 878 3062 Germaniae
901 3001 1021 3074 liberae,
1050 3021 1123 3080 quae
1146 3002 1200 3062 hac
1221 3010 1315 3063 aetate
1338 3001 1409 3062 auc'
1432 2997 1546 3082 ἐξοχὴν
1568 2999 1639 3060 Ger-

290 3107 386 3170 mania
409 3107 466 3169 dici
492 3106 574 3180 solet,
601 3124 654 3186 pro
676 3104 779 3165 Rheno
800 3103 896 3165 dlbim
925 3105 1084 3166 terminum
1112 3107 1221 3165 lactum
1249 3121 1322 3162 esse.
1367 3101 1467 3183 ltaque
1489 3103 1640 3183 Augustus

290 3229 467 3292 quamquam
494 3209 602 3293 Gallias
630 3219 656 3270 at
682 3208 835 3288 Hispanias
856 3212 1020 3290 proaiua'as
1050 3207 1221 3270 Germaniae
1254 3225 1404 3286 opponens
1437 3207 1512 3267 hauc
1545 3225 1639 3284 neque

290 3316 446 3378 Galliarum
477 3313 690 3393 provinciarum
718 3311 852 3374 terminis
879 3314 1125 3393 comprehendere
1157 3309 1248 3373 voluit
1278 3329 1372 3389 neque
1399 3309 1491 3389 ipsam
1520 3309 1638 3390 provin-

290 3420 363 3480 ciam
388 3417 541 3498 appellare,
564 3417 619 3477 hac
640 3415 820 3477 vacillatione
844 3417 928 3478 tacite
950 3419 1102 3479 consessus
1125 3423 1262 3476 eventum
1286 3412 1375 3473 cladis
1390 3413 1539 3483 Varianae,
1561 3411 1640 3473 nihi-

291 3503 419 3584 lominus
442 3520 626 3582 Germaniam
650 3519 727 3581 inter
740 3520 877 3582 Rhenum
900 3529 930 3581 et
944 3520 1039 3582 Albim
1055 3519 1171 3601 imperii
1186 3517 1310 3579 Romani
1331 3535 1395 3578 esse
1410 3517 1458 3578 ait.
1495 3516 1527 3577 ld
1544 3516 1638 3597 ipsum

289 3644 467 3706 quamquam
492 3631 640 3704 praeterea
662 3641 723 3683 non
746 3621 870 3685 traditur
892 3623 973 3703 (nam
996 3624 1149 3706 diversum,
1166 3632 1211 3685 est
1233 3622 1311 3702 quad
1333 3621 1374 3682 ait
1389 3619 1493 3682 Strabo
1517 3621 1545 3692 7,
1570 3621 1597 3692 l,
1621 3621 1638 3680 l

290 3750 319 3810 p.
337 3731 394 3791 191
419 3729 584 3807 Augustum
609 3727 697 3788 duces
719 3725 867 3788 Romanos
881 3726 977 3788 mbim
1002 3727 1164 3808 transgredi
1185 3723 1335 3804 vetuisse),
1358 3723 1495 3785 convenit
1516 3723 1551 3784 iis
1566 3741 1639 3802 quae

290 3833 326 3894 de
347 3832 414 3893 Vari
435 3829 685 3894 administratione
702 3829 872 3891 Germaniae
895 3830 1051 3891 traduntur
1073 3865 1113 3872 -
1137 3831 1172 3889 cl.
1193 3828 1354 3891 Cassiodor.
1375 3828 1437 3888 chr.
1458 3828 1493 3889 ad
1516 3847 1541 3888 a.
1564 3827 1638 3887 746:

289 3940 364 3998 inter
386 3935 477 3998 Albim
499 3947 525 3997 et
548 3934 676 3995 Rhenum
701 3932 838 3996 Germani
859 3952 954 3996 amnes
978 3934 1017 3994 n.
1039 3933 1147 3994 Neroni
1167 3933 1254 3994 dediti
1273 3941 1302 3993 et
1318 3931 1388 3992 Vell.
1406 3931 1434 4004 2,
1459 3932 1516 3991 97:
1540 3929 1640 4009 (Tibe-

290 4040 365 4120 rius)
391 4042 430 4101 sic
456 4039 618 4119 perdomuit
645 4037 857 4119 (Germaniam)
884 4049 916 4100 ut
941 4042 972 4099 in
998 4039 1125 4118 saranum
1150 4055 1240 4116 paena
1272 4035 1475 4115 strpcudr‘an'ae
1506 4033 1640 4113 radiparet

287 4145 452 4223 3333133133
480 4177 522 4185 -
552 4143 761 4220 universaeque
794 4141 1013 4222 expeditionum
1045 4139 1169 4219 Augusti
1202 4138 1441 4200 Germanicarum
1476 4135 1583 4198 rationi
1611 4145 1640 4197 et
1668 4159 1670 4162 ·

291 4245 442 4318 decursui;
475 4245 526 4306 sed
552 4245 640 4306 latius
670 4245 741 4305 haec
762 4244 929 4325 explicanda
952 4252 1022 4304 snat
1043 4261 1130 4321 quam
1154 4250 1188 4303 ut
1209 4243 1264 4303 hac
1285 4242 1393 4322 pagella
1416 4240 1575 4320 capiantur.
1601 4275 1639 4286 —-

289 4349 395 4430 lllyrici
423 4359 452 4411 et
473 4347 655 4410 Macedoniae
678 4349 751 4408 lines
772 4347 921 4426 Augustus
943 4347 983 4409 113
1006 4345 1142 4427 protulit,
1171 4355 1203 4406 ut
1225 4364 1315 4406 novae
1337 4344 1501 4425 provinciae
1524 4344 1564 4405 ibi
1586 4345 1638 4404 ha-

290 4461 357 4514 rent
379 4452 523 4532 Illyricum
547 4452 668 4512 interius
691 4453 752 4513 sire
774 4451 925 4512 Pannonia
948 4461 976 4513 at
1006 4451 1121 4512 hlocsia.
1144 4484 1185 4492 -
1209 4451 1241 4509 ln
1260 4447 1328 4508 Asia
1351 4446 1464 4508 minore
1489 4447 1639 4526 Augustus

290 4576 350 4618 non
374 4565 432 4618 tam
456 4555 620 4636 Bithyniam
643 4555 723 4617 auxit
745 4574 832 4635 quam
855 4573 945 4636 regno
967 4556 1109 4635 Amyntae
1131 4554 1160 4615 in
1185 4551 1349 4634 provinciae
1377 4553 1501 4612 formam
1524 4552 1639 4612 redacta
1698 4590 1702 4596 -

291 4661 429 4722 Galatiam
463 4661 641 4740 provinciam
675 4660 840 4734 constituit,
874 4659 921 4721 cui
952 4659 1056 4721 deinde
1077 4656 1303 4739 Paphlagoniam
1330 4655 1434 4717 adiecit
1460 4653 1640 4734 (llarquardt

290 4763 562 4845 Staatsverwaltunp
586 4767 600 4824 1
626 4785 653 4845 p.
670 4764 753 4839 359).
800 4763 1037 4825 Homonadenses
1060 4763 1089 4824 in
1113 4761 1247 4824 catiliniis
1268 4759 1452 4840 Pamphyliae
1475 4769 1504 4820 et
1526 4757 1639 4821 Ciliciae
