3696 5430
308 393 431 450 xxvm

309 575 457 654 neglegas,
485 573 572 655 idque
601 594 653 656 ego
676 575 756 637 etin
779 575 867 637 buius
889 575 955 637 libri
977 575 1104 637 editione
1126 576 1232 656 priore.
1255 597 1329 657 quae
1351 579 1459 659 prodiit
1481 580 1606 643 berolini
1630 601 1658 643 a.

312 677 408 752 1865,
436 687 465 739 et
486 678 518 739 iu
539 679 670 759 corporis
692 679 916 760 inscriptionum
940 679 1108 741 balluarum
1132 681 1280 742 volumine
1304 683 1389 744 tertio
1412 683 1521 764 (1873)
1543 705 1572 765 p.
1595 685 1662 748 769

308 781 420 843 -799
443 781 492 860 (ci.
508 802 536 862 p.
555 783 644 844 1054.
670 784 764 863 1064)
787 783 881 845 ubivis
903 802 991 862 quam
1014 783 1076 844 lieri
1097 784 1193 864 potuit
1212 786 1430 848 accuratissime
1446 796 1563 850 secutus
1579 808 1660 850 sum.

309 883 535 959 Commentario,
558 886 608 965 qui
630 907 655 948 a.
680 888 799 950 demum
825 887 905 948 1872
932 886 1083 950 absolutus
1105 897 1165 964 est,
1187 890 1327 951 Perrotus
1349 911 1377 971 p.
1395 889 1559 953 ala-261
1584 911 1659 954 usus

309 988 434 1050 editione
462 1008 525 1050 mea
548 989 666 1051 interim
690 991 795 1052 emissa
818 990 922 1052 indicis
945 991 1069 1054 inseruit
1096 993 1259 1055 versionem
1283 993 1422 1054 Gallicam
1453 994 1550 1056 addita
1571 1015 1660 1056 enar-

308 1093 428 1166 ratione,
451 1093 529 1154 unde
551 1094 669 1174 propria
691 1115 765 1174 quae
788 1105 887 1157 esseut
908 1102 938 1156 et
960 1095 1042 1157 utilia
1065 1105 1098 1158 ut
1120 1115 1172 1177 par
1193 1106 1256 1158 erat
1276 1096 1405 1158 adhibui.

625 1367 684 1427 VII.
718 1367 923 1430 EIIEIIPLVM
946 1369 1331 1433 uouaszuwsmnnvm.

308 1504 443 1566 Allredus
465 1505 708 1569 abomaszewslri
723 1506 966 1583 vindobonensis,
989 1529 1076 1589 quem
1099 1512 1149 1591 qui
1171 1511 1201 1571 in
1224 1510 1316 1591 patria
1338 1510 1401 1572 cius
1416 1511 1503 1573 rebus
1518 1523 1661 1592 praesunt

309 1607 447 1669 comitem
482 1617 513 1669 et
545 1609 707 1671 adiutorem
737 1610 893 1673 Ilumanno
919 1612 949 1673 iu
977 1613 1080 1676 itinere
1108 1614 1259 1696 Ancyrano
1287 1614 1496 1690 adiunxerant,
1530 1617 1660 1698 Ancyrae

309 1711 444 1772 Latinum
476 1713 719 1775 commentarium
747 1703 793 1775 ad⁴
813 1714 924 1776 tabulas
950 1716 1086 1779 editionis
1117 1736 1198 1780 meac
1223 1718 1329 1798 prioris
1352 1739 1387 1780 ex
1408 1718 1586 1781 Perrotiauis
1608 1740 1661 1782 ex-

308 1833 424 1895 pressas
451 1815 671 1896 diligentissime
697 1819 733 1880 ad
755 1836 886 1880 marmor
907 1820 1088 1899 recognovit3
1118 1821 1224 1882 Graeca
1247 1823 1405 1901 quominus
1429 1823 1563 1885 similiter
1584 1824 1660 1886 rele-

308 1928 397 1998 geret,
421 1920 525 1981 morbo
548 1921 770 2001 superveniente
791 1921 949 2001 impeditus
975 1932 1029 1985 est.
1074 1923 1254 1996 Quibusdam
1282 1925 1353 1987 locis
1381 1925 1459 2005 (ride
1486 1927 1659 2005 praesertim

311 2024 337 2096 1,
356 2023 404 2084 16.
422 2026 470 2085 17.
492 2025 521 2098 4,
538 2024 588 2085 31.
604 2023 654 2085 37.
671 2025 721 2087 38.
743 2027 772 2100 5,
789 2026 837 2087 36.
855 2027 918 2102 37),
953 2027 1002 2088 ubi
1034 2047 1102 2089 cara
1135 2029 1348 2090 elementorum
1383 2039 1573 2104 evanuerunt,
1607 2049 1661 2110 per

307 2126 434 2188 colorem
456 2136 553 2189 autem
584 2129 726 2208 quaedam
756 2150 858 2192 eorum
888 2131 1006 2211 vestigia
1034 2140 1201 2213 supersunt,
1230 2151 1264 2194 ex
1290 2132 1454 2213 apographo
1484 2151 1518 2194 eo
1548 2133 1660 2215 aliquot

307 2230 419 2292 litteras
441 2230 626 2294 adscivimus.

723 2506 795 2568 VIII.
828 2505 972 2570 terrm
994 2508 1246 2571 armannum.

407 2644 447 2706 De
470 2645 651 2726 expeditione
665 2645 816 2728 Ancyram
838 2647 988 2710 Humanni
1009 2657 1164 2729 postquam
1187 2666 1276 2728 supra
1298 2647 1422 2728 (μνη)
1445 2648 1581 2723 diximus,
1604 2649 1661 2711 boc

307 2749 371 2812 loco
395 2770 429 2812 ex
452 2750 600 2816 relatione.
624 2770 712 2830 quam
736 2753 771 2814 de
793 2771 826 2813 ea
847 2752 1010 2814 academiae
1026 2761 1143 2814 nostrae
1166 2751 1259 2825 misit,
1286 2771 1360 2832 quae
1382 2753 1418 2813 ad
1440 2752 1529 2815 buius
1551 2771 1660 2815 mouu-

307 2855 399 2916 menti
422 2856 624 2917 tractationem
648 2857 795 2936 pertinent
816 2856 924 2936 placuit
945 2855 1037 2936 ipsius
1052 2855 1147 2918 verbis
1170 2857 1296 2928 referre3
1317 2854 1357 2917 ita
1378 2855 1456 2917 enim
1474 2856 1661 2919 testabuntur

307 2959 427 3040 paginae
454 2959 508 3021 bae
535 2967 564 3020 et
591 2959 775 3022 difficultates
804 2960 911 3041 incepti
933 2969 1058 3040 atquae
1080 2979 1129 3022 eas
1151 2958 1415 3022 ricitiudustriam
1446 2968 1475 3021 et
1502 2961 1659 3022 sollertiam

307 3062 478 3125 mandatarii
505 3063 615 3136 nostri,
646 3071 843 3144 poteruntque
870 3072 1019 3144 praeterea
1043 3062 1197 3125 utilitatem
1225 3062 1347 3136 habere,
1376 3063 1400 3124 si
1427 3063 1477 3144 qui
1504 3063 1659 3144 aliquando

306 3167 341 3227 ad
364 3165 469 3226 similia
491 3185 553 3227 sese
576 3167 740 3246 accingent3
763 3186 858 3247 neque
881 3167 901 3227 ii
924 3167 1056 3228 deerunt.
1087 3166 1207 3246 Egregia
1227 3166 1304 3227 enim
1322 3169 1396 3228 lacta
1412 3185 1473 3228 non
1488 3187 1541 3229 sua
1556 3169 1584 3229 ri
1599 3169 1659 3230 sola

307 3277 440 3349 prosunt,
464 3268 513 3330 sed
537 3289 621 3349 saepe
644 3289 678 3331 eo
701 3291 827 3351 quoque,
850 3271 929 3351 quod
951 3289 1108 3350 generosos
1131 3270 1247 3331 animos
1269 3269 1394 3331 incitant
1415 3271 1450 3331 ad
1473 3270 1659 3334 imitandum.

409 3373 462 3434 Am
484 3372 513 3432 1.
529 3371 692 3435 Jots1882
713 3373 817 3438 lemen
838 3379 890 3436 wr'r
911 3377 941 3435 in
955 3375 1070 3455 Aipora
1091 3393 1139 3436 on.
1185 3372 1249 3453 lus
1266 3373 1317 3436 der
1337 3373 1547 3436 sddwestlicben
1562 3375 1661 3457 Kuppe

310 3478 358 3539 des
380 3475 557 3556 IIdbenzups,
581 3477 638 3557 uus
657 3478 720 3539 dem
743 3478 786 3539 die
808 3475 892 3540 stadt
912 3477 990 3550 stelit,
1013 3476 1106 3538 erbebt
1127 3476 1184 3538 ea'cb
1208 3477 1259 3538 der
1281 3475 1392 3557 Tem-pel
1414 3478 1466 3538 der
1486 3477 1579 3540 Romo
1599 3480 1660 3541 und

307 3581 355 3642 des
383 3580 534 3659 Augustus,
564 3580 660 3642 desem
683 3583 902 3661 pepenwdrtr'per
930 3579 1057 3642 Zostond
1087 3580 1176 3642 durcb
1206 3581 1258 3641 dos
1283 3581 1366 3643 Wcrlr
1394 3599 1449 3641 veo
1472 3580 1574 3644 Pcrrot
1600 3583 1661 3644 und

311 3682 472 3746 Geilloume
493 3683 641 3764 pcndpend
663 3684 785 3748 bekannt
806 3687 851 3755 iat,
873 3700 903 3744 so
927 3683 992 3762 dass
1012 3683 1056 3745 iob
1074 3684 1164 3748 nicbte
1178 3684 1394 3764 hinzuzufrtpen
1410 3684 1541 3755 dranche,
1562 3685 1662 3748 maeel

306 3791 357 3848 seit
379 3786 431 3848 der
453 3786 643 3848 lawesenbeit
665 3787 809 3848 dersclbea
831 3785 939 3863 (1861)
961 3785 1020 3849 sicle
1041 3786 1130 3848 nicbts
1151 3787 1304 3849 oerdndert
1325 3807 1363 3848 zu
1384 3786 1477 3849 baben
1497 3789 1610 3851 acbeiat.

409 3888 460 3951 lm
483 3889 601 3970 Morqen
624 3890 697 3952 nucb
717 3909 837 3952 caemar
858 3891 988 3971 dolense
1011 3891 1119 3954 merite
1140 3891 1184 3952 iob
1203 3891 1292 3972 pleicb
1314 3892 1357 3953 die
1380 3891 1590 3974 notbueudr'pee
1604 3891 1661 3954 Iic-

306 3991 389 4054 secte
419 3993 489 4054 beim
524 3992 588 4054 Vola¹
607 3993 904 4074 (Oberprdsideaten),
931 3993 1106 4075 Molossora's
1126 3994 1516 4075 (Regimunqsprdsidenten),
1543 3995 1661 4077 Dester-

307 4096 363 4158 dor
394 4095 651 4175 (Finonzdirelctor
684 4097 734 4159 der
767 4098 922 4174 bomne),
961 4099 1024 4160 dem
1056 4099 1321 4160 commandirendea
1352 4097 1475 4160 Generol
1506 4101 1567 4161 uod
1600 4100 1662 4161 dem

306 4198 410 4262 Sebecb
439 4201 490 4262 der
517 4199 640 4263 Mosellae
667 4200 759 4281 Hodjr'
784 4201 920 4274 Iior'rom,
947 4207 977 4264 in
1004 4203 1089 4265 deren
1110 4202 1216 4264 Ilczirlc
1244 4203 1295 4265 der
1317 4202 1561 4283 luputmtempet
1588 4205 1661 4284 iicqt,

307 4304 345 4366 do
370 4303 422 4364 des
448 4322 540 4383 pereae
562 4303 664 4367 Innere
691 4307 739 4369 des
764 4304 887 4388 Tempels
914 4307 1129 4386 emsebb'esslicb
1151 4307 1198 4369 des
1220 4306 1364 4376 Pronoea,
1394 4309 1425 4366 ire
1448 4307 1509 4368 dem
1531 4307 1589 4368 sicb
1612 4305 1663 4370 der

307 4406 467 4469 lateiniscbe
491 4406 560 4469 Tect
583 4409 633 4470 der
654 4409 790 4492 Insebra'st
813 4411 939 4492 beliadet,
963 4430 1020 4474 zur
1042 4409 1167 4473 Mesoboa
1187 4411 1334 4491 pebdriper
1355 4409 1497 4490 Fricdbos
1514 4413 1557 4471 ist.
1603 4409 1663 4472 Der

307 4509 409 4573 Sobecb
440 4511 633 4574 beoatwortete
659 4518 735 4575 meu
759 4513 867 4577 Geurcb
893 4532 943 4575 um
972 4515 1015 4576 die
1036 4513 1223 4592 Erlouboisa,
1252 4513 1311 4593 auf
1332 4515 1437 4576 seinem
1461 4511 1581 4575 Terroin
1601 4515 1661 4594 [rei

306 4615 453 4678 boate'eren
474 4633 513 4676 zu
536 4616 650 4696 detrsen,
674 4621 725 4678 mit
746 4621 836 4680 eincm
859 4619 968 4680 turzco
983 4617 1170 4698 Kopsaiclren,
1194 4617 1323 4700 efferebar
1343 4621 1375 4678 ire
1388 4615 1539 4679 acblecbter
1553 4615 1661 4678 boone.

307 4717 368 4780 Der
394 4719 497 4799 Wagen
519 4721 604 4782 stand
624 4721 747 4783 odorlici
768 4723 866 4803 sertip,
888 4741 936 4784 cm
957 4722 1007 4784 iba
1030 4723 1088 4801 cus
1106 4725 1152 4782 ein
1166 4719 1295 4801 Iondqot
1317 4739 1356 4782 zu
1376 4719 1484 4800 [cibran
1505 4719 1567 4780 und
1590 4719 1661 4780 bee'm

306 4822 454 4904 Repaclcen
484 4824 624 4888 desselben
652 4844 715 4887 wor
744 4829 804 4888 eine
829 4828 925 4906 prusae
950 4823 1067 4887 Gallone
1094 4828 1146 4886 mit
1165 4823 1242 4886 lloli
1267 4823 1446 4894 zerbrocbem
1469 4840 1500 4884 ao
1522 4823 1588 4901 dosa
1611 4822 1662 4884 der
