3656 5434
217 483 219 490 Ι
322 407 385 470 178
601 403 633 457 P.
647 402 807 460 SVLPIGH
824 401 987 468 QVIRINII
1005 403 1161 460 TITVLVS
1180 404 1402 461 TIBVR'PINVS

319 581 383 657 48).
422 581 549 663 Stirpem
573 592 640 664 post
662 603 693 645 sc
715 602 774 646 non
798 585 916 665 reliquit
932 585 1012 666 (Teo.
1028 605 1097 648 ann.
1114 587 1142 662 3,
1159 586 1223 665 22).
1266 586 1299 648 ln
1322 584 1369 647 his
1391 593 1426 647 ut
1452 585 1545 646 multe
1568 584 1685 645 incerta

319 705 383 748 esec
413 694 508 766 patet,
538 685 578 747 iu
605 705 666 748 non
692 687 779 750 credo
811 688 969 769 quicquam
1002 690 1159 764 contineri,
1193 689 1270 770 quod
1303 707 1362 751 non
1396 687 1539 751 rationem
1574 687 1687 750 habeut

319 797 350 850 et
368 788 645 869 probabilitatem1).

321 949 534 957 *—

418 1053 440 1119 ¹)
458 1053 616 1104 iiermennus
641 1051 764 1118 Gerlach,
788 1054 862 1104 cuins
885 1053 958 1104 modo
982 1053 1089 1106 effertur
1110 1053 1215 1105 iibeiins
1237 1053 1289 1117 (die
1310 1055 1453 1105 rd'me'scden
1476 1051 1629 1105 Stattduiter
1654 1057 1684 1102 in

318 1136 408 1206 Syrr’en
426 1137 481 1189 uod
489 1137 585 1190 Iudaea
602 1155 649 1189 uon
668 1139 700 1189 69
718 1155 762 1191 vor
777 1140 877 1192 Christo
895 1141 933 1190 dis
951 1141 983 1192 69
1002 1141 1067 1192 eracli
1081 1139 1189 1191 Christo.
1214 1140 1328 1190 Berolini
1351 1141 1422 1192 1865.
1436 1141 1459 1191 8.
1474 1157 1511 1207 pp.
1524 1141 1576 1207 32),
1596 1139 1683 1190 unito

318 1223 407 1275 lubere
425 1231 453 1276 et
471 1224 536 1276 boue
554 1225 616 1289 iide,
636 1225 680 1276 sed
699 1241 731 1276 ne
748 1226 869 1278 tirocinio
888 1228 985 1294 quidem
1004 1227 1029 1277 in
1048 1227 1118 1277 hisce
1136 1226 1228 1277 studiis
1248 1227 1331 1293 posito
1350 1243 1404 1278 rem
1423 1243 1494 1293 quern
1507 1227 1683 1278 tractavimus

319 1327 455 1377 eggressus
474 1311 536 1362 nihil
563 1312 623 1362 novi
650 1311 768 1377 protulit,
792 1315 856 1378 quod
879 1330 928 1363 non
952 1313 987 1364 sit
1009 1313 1135 1380 ineptum,
1157 1313 1342 1379 ineptissimum
1360 1321 1444 1364 sutem
1463 1313 1573 1363 omniunt
1592 1311 1683 1362 Lucae

317 1397 490 1450 defensionem
508 1399 572 1448 irenc
591 1400 624 1464 (p.
638 1397 670 1447 33
683 1397 744 1464 sq),
763 1414 792 1448 eo
811 1407 934 1466 tempore,
952 1415 999 1465 quo
1019 1399 1136 1450 Christus
1155 1405 1228 1449 uetus
1247 1407 1296 1460 est,
1315 1405 1366 1449 tem
1386 1399 1479 1450 Vuruur
1499 1399 1610 1460 legatum
1627 1397 1684 1464 sy-

318 1484 373 1535 rino
391 1483 471 1536 fuisse
490 1499 563 1550 quem
581 1482 725 1548 Quirinium
743 1500 895 1550 censumque
914 1483 1056 1549 Quiriuinm
1074 1492 1127 1535 tum
1145 1486 1277 1552 coepisse,
1300 1483 1439 1550 perfecisse
1457 1491 1515 1551 post
1533 1499 1612 1534 unnos
1631 1499 1682 1532 no-

317 1585 375 1622 vem
394 1570 418 1620 io
438 1569 568 1634 legatione
587 1570 680 1620 nitere.
716 1567 783 1621 Seue
801 1570 932 1633 indiguum
950 1568 1049 1620 fucinus
1069 1585 1100 1620 ue
1119 1571 1144 1620 in
1162 1571 1210 1620 hnc
1227 1570 1330 1635 quidem
1348 1570 1405 1620 lnce
1423 1569 1571 1620 litterarum
1589 1569 1681 1619 lenm

318 1655 379 1706 illes
397 1655 573 1706 tenebricosos
591 1655 772 1722 conquiescere
798 1670 873 1720 posse
892 1663 919 1706 et
943 1655 973 1705 de
997 1656 1146 1721 quaestione
1165 1653 1316 1707 diiiiciiiims
1335 1656 1377 1707 vel
1395 1655 1497 1708 hiscere
1516 1657 1611 1706 endere
1629 1655 1681 1704 iro-

317 1743 421 1805 minem,
444 1742 487 1807 qni
505 1741 615 1804 legatum
639 1741 816 1808 proconsulem
839 1749 1031 1806 procuratorem
1055 1751 1175 1808 perpetuo
1197 1742 1267 1794 inter
1292 1758 1321 1793 se
1339 1739 1477 1792 coniundet
1495 1748 1521 1791 et
1538 1741 1680 1792 identidem

317 1827 406 1878 ieudet
422 1835 551 1878 auctorem
569 1828 654 1878 nescio
674 1843 745 1893 quern
764 1827 844 1878 adhuc
862 1827 976 1891 ignotum
994 1829 1138 1879 Suetonem.
