3656 5444
318 411 381 476 100
931 407 965 474 V,
984 410 1053 464 6-8

316 591 377 654 Lat.
391 593 409 655 6
431 609 497 653 cum
514 589 654 652 Perrotus
674 586 801 650 dedisset
822 597 908 663 recte,
929 591 980 652 sed
998 590 1231 672 imperfecteque·
1246 635 1252 650 .
1266 636 1273 651 .
1287 636 1313 651 ..
1330 595 1430 664 vedast,
1455 612 1507 672 ego
1524 593 1660 675 deceptus

315 692 576 756 llordtmanniauis
598 696 648 774 qui
666 711 744 752 o...
759 693 876 755 .eodem
896 695 983 756 cerdo
1005 695 1170 775 supplerem
1193 699 1244 775 qui
1262 706 1321 756 taem
1335 699 1505 760 roraverunt
1519 703 1549 759 s'n
1564 702 1658 761 eodem

313 799 410 872 verda,
433 797 573 877 Bergkius
595 800 645 877 put
664 805 723 858 tem
737 799 768 858 in
782 816 845 859 meo
859 799 946 860 verda
959 802 1142 870 iurauerunt3
1165 797 1226 878 ipsa
1249 797 1389 879 principis
1405 801 1492 862 verba
1509 802 1593 863 lectio
1608 823 1659 863 ex·

313 902 390 982 plata
413 903 531 964 demum
552 902 698 980 suggessit
712 901 855 962 sententia
871 919 930 962 uon
946 911 1065 963 mutata.
1081 901 1273 962 —Extrema
1289 902 1432 964 sententia
1449 913 1508 965 tota
1524 923 1660 986 pessum-

314 1005 379 1067 data
402 1005 470 1068 olim
495 1005 589 1066 Lucae
612 1021 710 1064 errore
732 1003 886 1066 scribentis
910 1006 970 1065 ul
993 1005 1155 1068 socordibus
1175 1023 1229 1085 pro
1251 1005 1386 1080 cometes,
1409 1006 1537 1088 intellegi
1559 1020 1659 1091 coepta

313 1119 358 1171 est
384 1109 497 1190 prolato
524 1109 657 1189 exemplo
679 1107 864 1182 Perrotiano,
898 1109 949 1170 sed
975 1127 1055 1170 nuuc
1082 1109 1201 1170 demum
1229 1109 1315 1171 lectio
1340 1109 1380 1171 ita
1407 1121 1530 1192 purgata
1559 1122 1604 1175 est
1631 1123 1660 1175 et

312 1214 441 1294 expleta,
468 1223 501 1275 ut
526 1213 561 1275 ad
587 1232 649 1274 rem
678 1221 756 1275 certe
788 1231 862 1292 quae
891 1211 1062 1292 perveniant
1087 1211 1282 1274 dubitationes
1307 1232 1410 1276 omnes
1437 1215 1565 1278 sublatae
1592 1217 1658 1280 sint.

313 1317 414 1379 Latina
443 1335 497 1396 ego
525 1326 609 1380 antea
636 1317 678 1379 sic
707 1317 931 1378 constitueram:
961 1320 991 1377 in
1019 1315 1066 1390 dis
1090 1316 1214 1378 domines
1240 1322 1291 1399 qui
1312 1316 1420 1398 poelteo
1442 1320 1570 1381 consedes
1591 1322 1662 1403 fosta·

311 1431 379 1482 sunt
400 1420 437 1483 od
458 1438 521 1483 eum
542 1421 683 1502 diemque
704 1424 809 1500 serpso
830 1419 907 1494 solut
927 1419 995 1481 daec
1017 1464 1169 1491 ........
1192 1424 1243 1502 poi
1259 1422 1427 1501 praetores]‚
1450 1428 1560 1487 circiter
1576 1443 1658 1498 ccxx,

312 1523 453 1604 Rerglrius
468 1532 580 1586 autem:
602 1528 634 1586 ἐκ
654 1525 700 1602 dis
722 1522 885 1586 cumulares
908 1509 1104 1604 ...sposlteo
1126 1525 1251 1586 coosades
1271 1527 1437 1604 foetiscat,
1460 1527 1571 1607 reliqua
1588 1528 1660 1590 reti-

310 1645 394 1689 nens.
431 1626 468 1688 Et
488 1627 614 1690 domimo
634 1627 754 1708 quidem
777 1626 949 1689 vocabulum
972 1637 1007 1690 ut
1029 1625 1168 1706 Berglrius
1191 1637 1269 1689 recte
1291 1629 1405 1704 reiecit,
1435 1630 1475 1693 ita
1497 1633 1576 1710 quod
1598 1633 1659 1713 ipse

312 1730 391 1793 dedit
412 1749 515 1812 parum
533 1731 668 1794 Latinum
692 1727 753 1805 esta
774 1749 843 1793 nam
866 1740 917 1793 aut
937 1741 1003 1793 soret
1025 1730 1219 1792 omittendum
1242 1731 1299 1793 luit
1313 1741 1364 1794 aut
1377 1733 1543 1797 addendum
1558 1736 1660 1798 relati-

311 1853 397 1908 vum,
425 1836 503 1913 quod
533 1845 631 1897 tamen
658 1835 752 1917 spatio
778 1834 951 1897 excluditur.
994 1835 1055 1896 Iam
1082 1853 1149 1896 cum
1179 1852 1237 1895 xvu
1262 1837 1322 1896 lere
1344 1836 1457 1899 litterae
1485 1838 1562 1900 inter
1584 1843 1609 1900 rl
1629 1847 1660 1900 et

310 1958 377 2000 ren
407 1938 555 2013 deficiant,
582 1958 641 2001 non
670 1940 744 2001 duos
771 1957 909 2000 numeros
936 1938 1050 2000 ridetur
1075 1939 1224 2018 Augustus
1252 1940 1383 2019 posuisse
1411 1941 1607 2004 consularium
1630 1951 1659 2004 et

310 2051 410 2121 postea
442 2043 595 2104 consulum
629 2045 789 2117 laetorum,
820 2043 871 2104 sad
901 2059 994 2104 unum
1029 2050 1187 2120 utrumque
1221 2061 1313 2122 genus
1346 2044 1658 2125 comprehendentem

309 2146 470 2227 eodemque
492 2145 628 2209 videntur
650 2145 756 2208 ducere
783 2145 921 2226 reliquiae
943 2145 1191 2224 interpretationis
1213 2146 1337 2208 Graecae
1358 2147 1462 2220 exiles,
1485 2149 1537 2210 sed
1560 2159 1658 2211 tamen

308 2249 349 2313 ita
377 2259 573 2333 comparatae,
600 2259 634 2312 ut
655 2251 729 2312 duos
756 2267 897 2312 numeros
924 2248 971 2309 vix
1001 2247 1042 2310 eis
1070 2248 1190 2310 inseras.
1213 2284 1254 2293 —
1279 2249 1388 2311 Deinde
1410 2251 1440 2312 in
1464 2251 1574 2314 Latinis
1597 2252 1657 2314 v.8

307 2354 386 2417 inter
413 2354 490 2431 se[nt
518 2353 596 2429 boec]
619 2364 649 2417 et
672 2353 847 2432 [sacerdodes
868 2372 935 2415 oum
959 2353 1093 2415 deficiant
1116 2351 1227 2414 litterae
1249 2372 1274 2414 o.
1297 2371 1345 2428 vu,
1368 2355 1397 2415 in
1421 2354 1538 2416 Graecis
1560 2364 1656 2417 auteur

308 2477 334 2519 v.
350 2458 391 2521 24
413 2457 532 2539 vestigia
553 2459 673 2520 evanida
694 2457 806 2520 intente
828 2455 1003 2519 rimantibus
1025 2457 1110 2518 nobis
1133 2457 1204 2518 baec
1225 2458 1285 2518 lere
1307 2457 1509 2538 apparuerint:

801 2560 869 2641 (litt.
887 2560 941 2640 22)
965 2557 1167 2628 ιωἨΗΝτΑ

307 2665 343 2727 iis
357 2666 557 2749 supplementa
580 2686 698 2727 orrum
716 2673 746 2726 et
768 2656 968 2748 ὀγδοήκοντα
991 2665 1051 2726 sola
1072 2673 1150 2726 recte
1172 2664 1359 2744 respondent.
1396 2663 1469 2727 Nam
1492 2665 1539 2728 his
1554 2666 1656 2748 positis

307 2789 367 2834 non
382 2771 477 2832 solum
494 2769 586 2851 spatia
601 2769 640 2831 ita
655 2771 818 2849 explentur,
841 2778 876 2831 ut
889 2768 1002 2830 litterae
1018 2787 1112 2848 neque
1128 2767 1277 2830 abundent
1291 2786 1386 2848 neque
1402 2769 1538 2832 deficiant
1552 2771 1657 2851 (inter.

306 2873 442 2936 ciderunt
463 2873 552 2949 enim,
574 2883 609 2935 ut
630 2873 699 2947 dixi,
721 2872 750 2934 in
773 2871 884 2934 Latinis
906 2870 968 2933 r.8
991 2871 1134 2933 elementa
1156 2889 1224 2945 xvir,
1245 2871 1276 2932 in
1300 2871 1416 2934 Graecis
1438 2891 1465 2934 v.
1481 2873 1522 2934 24
1545 2875 1656 2955 aprin-

306 2977 382 3057 oipio
404 2996 429 3039 o.
444 2995 518 3051 xxii,
541 2976 651 3040 seilicet
673 2976 766 3056 spatio
788 2984 956 3057 computato
978 2975 1012 3035 ad
1036 2994 1061 3036 v.
1079 2973 1129 3048 23,
1152 2993 1221 3036 cum
1243 2984 1449 3056 computantes
1470 2977 1506 3040 ad
1522 2996 1547 3038 v.
1565 2977 1605 3039 20
1620 2977 1655 3039 ad

305 3099 371 3142 xxiv
394 3081 545 3155 ducamur,
568 3089 600 3143 ut
622 3082 785 3144 luculenter
805 3079 875 3141 hinc
897 3087 1035 3159 appareat
1056 3077 1218 3159 scripturae
1239 3079 1482 3160 inaequabilitas)‚
1506 3080 1555 3142 sed
1578 3083 1655 3160 quod

306 3184 467 3247 maximum
500 3195 558 3259 est,
595 3186 671 3248 inter
700 3183 859 3247 numeralia
891 3183 1022 3263 quaein
1050 3201 1148 3245 soree
1176 3183 1281 3245 liniunt
1302 3202 1395 3246 unum
1424 3184 1502 3264 quod
1528 3184 1653 3246 litteram

305 3289 461 3351 rotundam
485 3288 589 3351 babeat
611 3308 662 3350 sex
683 3288 789 3350 litteris
812 3295 975 3367 separatam
998 3306 1013 3348 a
1036 3285 1165 3348 clausula
1189 3306 1257 3360 ντα,
1280 3285 1309 3348 id
1332 3295 1377 3348 est
1398 3287 1476 3368 quod
1492 3287 1652 3368 posuimus.

407 3394 563 3455 Senatores
586 3411 673 3472 supra
696 3391 895 3471 septingentos
918 3409 984 3452 cum
1008 3389 1142 3471 princeps
1165 3389 1273 3451 scribat
1294 3389 1397 3451 3.·122
1419 3391 1654 3471 subsuissignis

305 3493 484 3568 militavisse‚
506 3495 639 3576 pervenit
660 3493 688 3555 id
711 3495 746 3556 ad
769 3511 819 3556 eos
841 3494 892 3574 qui
913 3513 948 3556 eo
970 3503 1101 3576 tempore
1124 3502 1274 3555 senatores
1292 3503 1400 3567 essent,
1423 3495 1570 3574 usquein
1592 3495 1653 3576 ipsa

303 3613 336 3657 re
358 3595 501 3659 dubitatio
517 3597 629 3672 obstat3
651 3617 719 3659 nam
741 3607 825 3660 erant
846 3615 881 3659 eo
904 3607 1036 3679 tempore
1058 3605 1207 3660 senatores
1223 3615 1312 3679 supra
1327 3597 1405 3658 mille
1422 3605 1495 3660 teste
1511 3597 1653 3660 Suetonio

303 3699 376 3780 bug.
393 3699 443 3763 35.
476 3700 705 3764 Praetereuntur
725 3701 765 3764 ita
788 3711 847 3763 tam
870 3701 947 3764 inter
969 3710 1118 3763 senatores
1140 3720 1229 3783 quam
1252 3701 1330 3762 inter
1351 3700 1520 3763 consulares
1534 3702 1652 3765 iuvenes

302 3803 322 3864 ii
355 3804 407 3883 qui
439 3814 570 3886 tempore
603 3805 670 3868 belli
695 3805 803 3868 Actiaci
839 3804 968 3886 equestri
1000 3806 1063 3867 loco
1099 3805 1250 3868 constituti
1284 3813 1385 3885 postea
1418 3805 1510 3868 latum
1539 3806 1650 3868 clarum

303 3918 492 3990 sumpserunt
520 3911 647 3972 fascesve
677 3909 773 3992 adepti
801 3919 879 3972 sunt.
922 3911 960 3971 At
987 3909 1094 3972 horum
1124 3929 1191 3973 oum
1221 3928 1275 3990 par
1302 3928 1388 3970 causa
1418 3909 1464 3984 stt,
1481 3912 1573 3990 magis
1588 3928 1652 3972 cra-

302 4010 424 4074 diderim
446 4014 612 4093 Augustum
638 4013 736 4094 paullo
763 4012 962 4092 indiligentius
991 4013 1123 4077 locutum
1151 4033 1216 4076 esse
1244 4031 1330 4091 quam
1359 4013 1389 4073 in
1416 4013 1498 4074 lastis
1521 4013 1652 4076 Actiacos

302 4134 372 4178 suos
395 4116 628 4179 dinumerantem
650 4118 704 4179 hos
727 4115 920 4199 praeteriisse.
1615 4092 1636 4176 ¹.

401 4220 480 4294 Quot
506 4221 675 4283 consulares
702 4221 758 4284 sub
784 4221 874 4302 signis
903 4221 965 4284 suis
993 4222 1028 4284 ad
1050 4223 1165 4284 dotium
1194 4221 1351 4283 militantes
1373 4220 1523 4300 Augustus
1545 4239 1651 4283 nume·

300 4323 407 4386 raverit
428 4333 462 4386 ut
483 4345 519 4386 ex
541 4325 637 4389 indice
660 4327 722 4389 solo
745 4326 941 4406 cognoscitur,
965 4329 1004 4389 ita
1026 4345 1061 4388 ex
1083 4345 1182 4388 rerum
1199 4323 1341 4387 memoria
1356 4322 1539 4402 aliquatenus
1554 4325 1652 4386 deter-

300 4425 406 4488 minari
434 4437 545 4509 potest,
578 4439 652 4511 quot
684 4431 852 4493 consulares
885 4449 919 4492 eo
946 4440 1076 4511 tempore
1108 4429 1139 4491 in
1168 4429 1241 4492 rivis
1271 4428 1382 4491 luerint
1409 4428 1455 4489 vel
1483 4437 1561 4491 certe
1587 4445 1651 4489 esse

299 4531 449 4611 potuerint
475 4553 570 4614 neque
598 4534 679 4615 sigua
702 4534 866 4597 Antoniana
898 4534 991 4597 secuti
1013 4534 1082 4596 sint.
1127 4533 1164 4596 Et
1186 4533 1383 4596 consularium
1407 4513 1525 4613 quidem
1548 4549 1650 4593 eorum

298 4654 373 4715 quos
401 4636 468 4698 lasti
494 4647 648 4700 recensent
668 4639 704 4700 ab
726 4659 751 4701 a.
768 4639 827 4702 681
853 4640 888 4702 ad
910 4660 936 4702 a.
954 4639 1014 4700 700
1037 4639 1192 4719 plerosque
1214 4646 1327 4700 certum
1356 4638 1401 4700 vel
1423 4655 1514 4718 paene
1537 4645 1649 4699 certum

297 4747 343 4800 est
364 4739 516 4802 defunctos
539 4761 602 4803 esse
623 4751 693 4804 ante
714 4761 739 4804 a.
756 4742 834 4817 7123
856 4743 1082 4824 supervixerunt
1103 4743 1130 4805 ei
1145 4744 1189 4804 vel
1211 4751 1290 4805 certe
1312 4752 1379 4824 post
1395 4760 1463 4804 eum
1479 4741 1649 4822 superstites

298 4860 362 4904 esse
388 4852 548 4923 potuerunt
570 4845 622 4909 Gn.
637 4845 770 4907 Aufidius
794 4845 912 4910 Orestes
935 4865 992 4910 cos.
1008 4865 1033 4909 a.
1049 4845 1125 4921 683,
1154 4846 1200 4908 lll'.
1223 4846 1364 4909 Aemilius
1387 4845 1513 4928 lepidus
1535 4864 1560 4908 a.
1577 4843 1648 4918 688,
