3730 5434
339 363 381 426 34
976 357 1013 426 11,
1035 359 1048 413 1

338 539 451 601 monias
480 539 548 601 alias
575 537 719 600 obsoletas
742 538 837 619 (Suet.
852 538 925 616 Aug.
942 535 996 617 31)
1018 537 1054 600 ab
1075 537 1208 618 Augusto
1230 538 1388 600 instaurata
1411 537 1547 600 videntur
1568 557 1632 600 esse
1653 547 1683 600 et

336 643 552 723 quodammodo
574 642 753 716 resuscitata,
776 641 901 704 conferri
923 639 1040 722 poterit,
1063 642 1141 721 quod
1164 641 1240 703 Nero
1255 641 1359 704 Caesar
1381 641 1545 705 Germanici
1567 645 1586 702 1.
1609 644 1682 705 adu-

336 746 513 808 lescentulus
540 745 570 808 in
598 745 683 808 titulo
710 745 798 807 Oreli.
821 744 904 807 23116
925 771 969 798 =
989 744 1020 806 C.
1036 745 1081 818 vt,
1105 743 1165 806 913
1194 745 1355 825 4444114144
1379 746 1487 824 [tomen
1513 745 1681 828 4444414144,

335 851 440 913 sodalis
461 851 630 930 4444414144,
652 849 755 912 soture
779 849 874 922 Titios,
896 849 1129 930 [4414444414
1151 849 1265 928 14414114,
1288 859 1429 930 quaestor.

857 1245 1030 1322 CAPV'P
1057 1247 1156 1320 VIII

411 1459 474 1502 444.
491 1441 546 1515 2,4
574 1438 766 1502 Ρ414141414444
799 1457 958 1502 4444444444
991 1441 1057 1501 4441
1090 1438 1194 1501 444441
1230 1439 1366 1520 quintum
1404 1441 1486 1503 iussio
1519 1441 1617 1522 populi
1651 1451 1679 1504 et

578 1543 747 1618 senbtbs.§

387 1665 432 1707 cn.
448 1648 477 1721 4,
498 1665 512 1708 o
533 1665 546 1706 4
578 1647 651 1710 Τῶν
671 1641 873 1728 [444441κί444
894 1645 951 1708 τὸν
970 1640 1119 1728 ἀριθμὸν
1133 1637 1254 1729 εἷῖξησα
1268 1647 1336 1728 (414)
1352 1649 1504 1728 πέμπτον
1524 1647 1527 1727 i
1547 1641 1678 1728 ὗπατῖος

520 1767 546 1810 44
573 1747 722 1836 ensdorfi
743 1749 801 1811 τοῦ
823 1771 858 1810 τε
880 1745 985 1831 δήμου
1007 1748 1062 1810 καὶ
1085 1750 1141 1832 τῆς
1163 1747 1358 1832 corripitur.
1382 1754 1400 1826 ᾗ

334 1879 367 1939 14
390 1877 506 1940 Graecis
528 1897 582 1959 pro
603 1882 683 1941 iocoso
704 1898 759 1940 nec
785 1874 897 1962 γνώμῃ
919 1879 984 1954 1411,
1012 1879 1090 1959 quod
1120 1879 1326 1954 Kirehhomus,
1349 1898 1403 1943 444
1425 1877 1576 1963 δόγματι,
1600 1882 1675 1959 quod

332 1981 472 2060 Bergkius
500 1982 667 2062 proposuit,
694 1983 745 2044 sed
771 2000 837 2044 cum
861 1983 990 2062 supersit
1013 2003 1098 2044 44444
1122 1983 1225 2064 (arur
1249 1984 1377 2060 Perrot),
1405 1984 1591 2046 scribendum
1614 2005 1677 2046 esse

332 2081 473 2172 ἐπιταγῇ
495 2084 566 2146 414111
580 2085 839 2159 Domaszewskius,
861 2085 948 2164 idque
964 2087 1058 2148 solum
1075 2095 1135 2149 tam
1151 2089 1259 2169 populo
1274 2097 1374 2168 aptum
1392 2097 1437 2150 est
1450 2108 1538 2168 quam
1554 2090 1676 2151 senatui.

430 2190 514 2250 Anno
537 2209 566 2251 u.
582 2209 606 2251 c.
624 2189 694 2263 725,
718 2208 776 2269 quo
799 2189 902 2251 consul
923 2190 980 2252 fuit
1001 2190 1148 2270 quintum,
1177 2193 1282 2254 Caesar
1308 2191 1496 2273 patriciorum
1520 2211 1675 2255 numerum

332 2291 413 2353 anxit
434 2293 515 2371 (Tac.
530 2311 598 2354 ann.
617 2294 665 2368 11,
681 2293 731 2354 25.
754 2291 807 2354 1114
823 2293 873 2366 52,
890 2293 952 2370 42).
1002 2293 1082 2356 Fecit
1116 2295 1145 2355 id
1181 2294 1277 2357 tabula
1310 2303 1383 2356 teste
1414 2300 1494 2357 144444
1521 2296 1624 2376 popuii
1650 2309 1675 2358 41

331 2406 456 2470 scamus,
479 2396 589 2461 scilicet
615 2395 734 2475 exlege
758 2396 860 2459 Saenia
884 2398 963 2474 (Tac.
979 2397 998 2458 1.
1014 2397 1063 2478 4.),
1090 2417 1178 2478 quam
1206 2399 1274 2461 tulit
1303 2399 1365 2460 sine
1392 2399 1481 2461 dubio
1504 2399 1536 2460 L.
1554 2401 1675 2463 Saenius

330 2500 433 2561 consul
460 2518 512 2580 per
533 2519 649 2562 menses
671 2499 788 2561 Nocet
810 2499 918 2562 11444.
936 2501 1006 2577 724,
1036 2511 1066 2563 41
1092 2522 1126 2562 44
1155 2512 1274 2564 4444144
1303 2503 1437 2564 44444114
1463 2523 1480 2564 4
1506 2503 1598 2566 111444
1625 2504 1674 2583 qui

330 2603 365 2665 414
387 2605 448 2684 lege
471 2613 547 2665 tacet
569 2612 799 2665 commemorato
821 2604 852 2674 11.
868 2623 908 2665 c.:
930 2605 986 2687 τῆς
1009 2604 1127 2690 βουλῆς
1150 2602 1183 2668 οἳ
1205 2604 1311 2689 δῆθεν
1332 2605 1558 2691 ἐπιτρεψάσης
1580 2609 1674 2672 τοῦτο

331 2709 494 2793 ποιῆσαι),
517 2728 575 2788 quo
597 2709 632 2770 414
655 2727 688 2769 ea
710 2727 741 2767 44
763 2707 799 2768 441
820 2707 913 2787 legem
936 2709 1013 2770 iliam
1037 2710 1209 2790 perficienda
1226 2709 1394 2785 cavebatur,
1417 2731 1485 2774 nam
1501 2723 1568 2793 post
1581 2714 1673 2793 legem

328 2813 415 2875 latam
449 2813 567 2874 demum
600 2814 710 2873 factum
743 2829 807 2871 esse
840 2821 959 2873 senatus
993 2813 1161 2874 consultum
1199 2833 1307 2893 neque,
1345 2834 1418 2894 quae
1457 2815 1600 2878 sententia
1630 2827 1675 2879 est

330 2915 467 2997 Zumptii,
496 2916 589 2996 legem
617 2915 706 2976 latam
733 2933 798 2975 esse
826 2933 861 2974 ex
888 2914 944 2977 hoc
966 2937 989 2978 s.
1005 2936 1030 2979 c.
1053 2917 1181 2979 ostendit
1209 2917 1306 2978 tabula
1332 2916 1492 2998 44444444.
1544 2918 1674 2981 Consen-

328 3029 446 3082 taneum
474 3028 572 3082 autem
601 3030 646 3080 est
672 3019 735 3098 lege
761 3018 817 3078 iata
840 3037 865 3079 a.
882 3019 943 3080 724
966 3030 1096 3084 extremo
1127 3021 1279 3082 Caesarem
1307 3020 1343 3081 ad
1371 3021 1507 3102 patricios
1534 3023 1673 3085 creandos

327 3142 388 3185 non
410 3123 566 3196 accessisse
588 3131 655 3184 ante
677 3129 816 3182 aestatem
838 3140 864 3181 a.
882 3122 952 3196 725,
973 3144 1033 3203 qno
1057 3133 1187 3204 tempore
1215 3123 1299 3184 rediit
1320 3122 1450 3184 Romam.
1473 3158 1515 3168 -
1537 3125 1673 3188 Ceterum

329 3227 409 3307 quod
431 3226 533 3288 scribit
553 3225 606 3287 Dio
628 3225 692 3306 (49,
708 3223 762 3304 43)
784 3233 868 3286 antea
898 3227 956 3288 iam
978 3246 1003 3289 a.
1020 3247 1049 3289 u.
1065 3247 1090 3288 c.
1107 3226 1164 3288 721
1190 3225 1326 3306 patricios
1354 3245 1370 3288 4
1398 3227 1518 3289 Caesare
1546 3228 1673 3290 adfectos

327 3349 400 3404 4444,
423 3330 500 3392 baud
522 3329 582 3390 scic
604 3347 642 3390 an
657 3346 716 3388 non
732 3337 809 3390 recte
825 3328 983 3392 tradiderit.
1020 3331 1192 3410 Refragatur
1206 3329 1284 3391 enim
1300 3329 1362 3410 ipse
1377 3330 1536 3410 Augustus,
1559 3333 1611 3412 qui
1625 3351 1673 3394 se·

327 3435 456 3496 cundum
481 3431 568 3494 buius
582 3431 785 3494 commentarii
800 3431 969 3495 institutum
985 3435 1021 3497 de
1036 3433 1178 3496 eiusmodi
1193 3431 1303 3513 negotii
1316 3433 1488 3514 repetitione
1504 3443 1598 3498 tacere
1612 3454 1671 3497 non

328 3537 443 3612 debuit3
470 3539 633 3616 refragatur
653 3534 771 3598 Tacitus
793 3535 812 3596 l.
828 3555 863 3610 4.,
893 3537 944 3598 ubi
969 3537 1121 3600 Claudium
1150 3535 1251 3598 scribit
1277 3535 1413 3617 patricios
1440 3537 1545 3618 legisse
1572 3539 1672 3619 paucis

327 3641 385 3703 iam
409 3639 529 3720 rebquis
550 3639 726 3701 familiarum
749 3647 940 3714 vetustamro,
967 3643 1110 3705 ecrousen
1130 3646 1224 3713 etium,
1252 3659 1321 3721 quos
1343 3641 1464 3704 dictator
1487 3642 1594 3705 Coesor
1615 3643 1672 3724 lege

329 3745 426 3809 Cossio
448 3755 472 3807 41
491 3747 624 3824 princeps
644 3742 787 3822 44444144
808 3743 866 3824 loge
887 3742 994 3806 Saenia
1015 3743 1174 3824 sublegere3
1202 3745 1363 3822 refragatur
1385 3743 1508 3824 denique
1531 3746 1593 3826 ipsa
1614 3765 1671 3807 res.
1744 3731 1747 3736 Δ

325 3848 399 3910 Nam
422 3846 512 3909 initiis
533 3845 714 3928 principatus
736 3855 855 3926 apparet
882 3847 946 3927 ipsc
973 3847 1036 3909 iure
1063 3846 1240 3909 creationem
1268 3846 1343 3907 banc
1369 3846 1495 3928 principi
1522 3867 1581 3910 uon
1608 3867 1671 3911 4444

326 3951 510 4033 permissam,
533 3951 585 4013 sed
606 3968 680 4030 opus
702 3948 794 4012 fuisse
808 3949 844 4011 ad
859 3969 922 4012 eam
939 3969 1001 4012 rem
1017 3949 1176 4030 privilegio,
1199 3949 1294 4029 qualia
1309 3953 1430 4012 fuerunt
1443 3961 1671 4014 commemorata

325 4053 343 4115 l.
367 4073 428 4118 ca
455 4053 569 4128 Tacito,
601 4073 656 4116 nec
682 4053 795 4135 patricii
821 4054 889 4116 14411
916 4053 1052 4115 videntur
1079 4072 1143 4114 esse
1172 4073 1188 4115 a
1215 4053 1398 4134 principibus
1424 4063 1491 4116 4414
1519 4055 1670 4118 Claudium

326 4158 383 4220 nisi
405 4157 518 4220 duabus
539 4157 595 4220 illis
618 4157 815 4220 creationibus
836 4157 979 4220 institutis
1006 4176 1041 4219 ex
1067 4156 1179 4236 legibus
1202 4157 1299 4219 Cassia
1326 4165 1356 4218 41
1378 4157 1490 4220 Saenia.
1535 4159 1671 4221 Claudius

325 4261 438 4342 primus
460 4261 525 4336 fuit,
547 4261 594 4324 cui
615 4260 806 4343 patriciorum
828 4261 935 4323 creatio
957 4279 1017 4322 444
1036 4259 1217 4341 principatus
1231 4260 1304 4334 iure,
1327 4261 1378 4322 4441
1393 4270 1542 4341 nmquam
1558 4262 1671 4324 censori

326 4365 553 4445 permitteretur,
576 4385 666 4446 eaque
689 4364 832 4428 ordinatio
855 4365 973 4439 mansit,
994 4365 1086 4426 donec
1107 4363 1268 4445 imperante
1283 4364 1447 4427 Domitiano
1470 4383 1610 4428 censurae
1625 4365 1670 4428 ius

325 4477 499 4549 perpetuum
533 4487 600 4530 cum
634 4469 800 4550 principatu
835 4467 1026 4531 coniunctum
1060 4476 1106 4529 441
1136 4467 1322 4547 (Stootsrecbt
1344 4467 1363 4529 2
1386 4487 1414 4550 p.
1432 4469 1537 4548 1046).
1586 4470 1670 4543 Quod

325 4571 378 4633 1114
401 4571 516 4634 41414144
537 4571 687 4652 ignorasse
709 4591 836 4652 suaeque
857 4571 1231 4646 4414114444444144114444,
1255 4591 1311 4652 qua
1326 4571 1486 4653 imperator
1500 4581 1572 4650 quot
1586 4573 1671 4635 veliet

324 4675 498 4756 quandoque
525 4675 609 4738 441141
637 4675 773 4757 patricios
794 4678 888 4737 facere
910 4683 1036 4757 poterat,
1066 4675 1142 4736 maie
1164 4675 1312 4738 rettulisse
1333 4676 1369 4738 ad
1391 4684 1515 4738 aetatem
1537 4675 1670 4756 Augusti.

325 4779 466 4860 Bergbius
488 4780 567 4860 quod
590 4779 692 4843 statuit
711 4799 736 4842 4.
754 4778 813 4840 721
831 4797 939 4862 paucas
955 4786 1070 4842 tantum
1085 4787 1186 4860 gentes
1201 4778 1327 4842 adiectas
1342 4797 1406 4842 esse
1421 4779 1513 4842 rideri
1527 4788 1557 4842 et
1571 4779 1669 4842 miuus
