3656 5444
748 375 800 440 111,
818 378 926 432 40-43
1471 382 1511 443 77

159 574 248 636 quem
271 565 385 618 constat
407 563 474 618 ante
497 573 512 616 s
534 553 624 616 131333
644 563 697 617 331
718 551 738 616 a'
759 564 809 618 aut
831 551 850 618 ε’
870 565 922 620 331
944 553 967 620 ὁ
987 567 1038 620 331
1059 551 1087 630 ti,
1110 565 1139 620 31
1154 566 1298 637 punctum
1314 565 1380 637 post
1402 576 1426 622 s.
1471 557 1514 619 Ex

159 659 372 740 supplementis
394 659 424 720 id
446 658 524 738 quod
546 668 650 721 33133
672 677 741 740 apro
763 659 854 722 debeo
870 661 1052 736 Bnrmann03
1075 661 1199 724 tributus
1214 661 1387 723 vocabulum
1408 679 1513 741 genere

161 763 323 825 masculino
339 773 514 844 usurpatum
529 762 634 824 Plauto
656 771 685 822 et
701 762 804 824 Catoni
826 772 855 825 31
875 764 987 844 legibus
1010 764 1113 828 aetatis
1129 763 1312 826 Gracchanae
1331 774 1361 827 et
1382 764 1513 838 omnino,

161 876 195 929 31
217 868 257 930 311
272 867 383 929 Gellius
404 866 468 948 (13,
491 865 621 946 21,19),
650 865 796 947 plerisque
819 875 962 942 veterum,
984 867 1089 930 admisi
1111 867 1284 930 necessitate
1307 877 1434 930 coactus.
1479 868 1513 929 ln

160 989 277 1034 summa
299 991 331 1033 33
353 991 428 1052 qnae
456 971 541 1053 posui
571 988 630 1031 non
661 988 719 1032 uno
746 969 865 1032 nomine
894 970 1064 1052 displicent3
1094 971 1145 1033 sed
1173 970 1293 1034 meliora
1319 990 1380 1034 non
1406 972 1513 1046 133331,

161 1084 315 1156 potestque
338 1075 416 1156 quod
438 1076 478 1138 ita
494 1075 628 1156 princeps
644 1073 684 1135 311
699 1093 734 1135 eo
748 1075 965 1153 quodammodo
981 1074 1104 1148 delendi,
1127 1075 1205 1155 quod
1221 1074 1336 1137 videtur
1351 1075 1513 1155 significare

160 1177 287 1240 voluisse
313 1196 374 1240 non
402 1186 460 1240 1333
488 1177 655 1240 universum
685 1177 828 1241 tributum
857 1197 909 1258 pro
933 1179 1063 1241 debitore
1086 1177 1207 1240 solvisse
1230 1198 1261 1239 se
1283 1197 1372 1258 quam
1395 1179 1514 1259 supple-

161 1292 295 1344 mentum
318 1281 497 1362 praestitisse
520 1292 570 1344 aut
592 1285 741 1344 frumento
764 1282 862 1355 inlato,
886 1293 937 1344 aut
959 1303 1013 1364 ope
1028 1284 1085 1346 1313
1100 1283 1135 1344 ad
1151 1281 1352 1344 nummarium
1369 1281 1512 1345 tributum

160 1395 243 1467 parte
265 1385 327 1448 cius
349 1385 481 1448 remissa.

262 1489 441 1562 Liberalitas,
465 1488 548 1551 cuius
571 1488 621 1550 hic
643 1487 753 1550 mentio
776 1489 818 1558 1ι1,
841 1487 955 1550 diversa
977 1489 1098 1551 omnino
1113 1499 1173 1551 tam
1196 1507 1212 1550 a
1235 1489 1407 1552 remissione
1423 1490 1513 1552 33311-

161 1593 269 1674 galium
298 1602 365 1673 post
393 1592 542 1654 victoriam
575 1592 701 1654 Siculam
725 1575 857 1671 (111319,
875 1592 927 1662 15)
950 1601 980 1654 31
1001 1592 1147 1655 Actiacam
1170 1591 1236 1670 (llio
1260 1593 1310 1667 53,
1327 1593 1360 1673 2)
1382 1597 1456 1656 13313
1478 1613 1513 1654 33

160 1696 333 1759 auctoritate
366 1696 484 1775 quidem
518 1695 668 1778 principis,
702 1694 753 1757 sed
786 1695 957 1758 liberalitato
989 1697 1089 1779 populi
1109 1696 1251 1780 ¹Romani,
1285 1715 1372 1777 qnam
1395 1715 1411 1758 a
1434 1713 1514 1758 mera

161 1801 320 1864 donatione
352 1800 382 1862 in
416 1798 560 1861 aerarium
594 1797 733 1876 illata'(v.
750 1797 779 1872 3,
796 1798 836 1859 31
865 1799 963 1879 ibique
997 1801 1146 1880 adnotata)
1168 1809 1247 1862 33313
1280 1803 1406 1863 33133133
1438 1801 1515 1862 13133

161 1907 308 1988 impensas
330 1904 360 1965 in
384 1921 446 1964 rem
468 1901 614 1983 publicam
635 1902 834 1983 populumque
849 1901 1015 1966 Romanum
1036 1907 1142 1980 tactas3
1169 1923 1237 1967 nam
1261 1903 1364 1967 solutis
1387 1903 1514 1978 tributis,

162 2028 237 2091 quae
264 2028 280 2070 a
308 2005 488 2069 debitoribus
516 2005 591 2085 exigi
618 2024 678 2067 non
705 2005 864 2086 potuerint,
894 2025 953 2068 non
981 2007 1101 2088 privatis
1123 2008 1206 2084 solis,
1238 2009 1381 2071 seditem
1404 2009 1515 2071 aerario

161 2111 348 2194 prospicitur.
400 2109 509 2171 Verum
542 2118 588 2170 est
619 2108 693 2170 mira
726 2127 789 2171 eam
823 2109 1025 2173 liberalitatem
1058 2111 1179 2174 indicari
1209 2131 1304 2194 neque
1331 2113 1416 2175 annis
1444 2113 1514 2176 satis

161 2215 362 2278 determinatis
382 2232 478 2293 neque
500 2231 616 2275 summa
638 2212 778 2293 pecuniae
805 2213 964 2289 enuntiata,
993 2217 1045 2277 scd
1072 2235 1197 2278 numero
1220 2226 1334 2279 tantum
1358 2215 1513 2280 hominnm

160 2319 255 2400 positu
288 2318 395 2398 quibus
427 2317 466 2379 ita
490 2317 666 2379 subventum
690 2326 749 2392 est3
778 2327 807 2378 at
828 2318 915 2380 verba
938 2318 1044 2381 Graeca
1067 2328 1145 2382 certa
1167 2329 1198 2382 31
1219 2321 1371 2402 333331333
1394 2321 1429 2382 da
1451 2320 1514 2401 ipsa

159 2443 192 2486 33
218 2422 432 2485 dubitationem
454 2439 514 2482 non
538 2421 709 2483 admittunt.
755 2421 908 2502 Spectabat
931 2432 1029 2485 autem
1051 2423 1208 2486 liberalitas
1234 2424 1306 2486 lraec
1330 2424 1366 2486 ad
1393 2423 1515 2504 provin-

160 2527 220 2589 cias
249 2545 340 2606 eaquc
369 2528 493 2586 13313333
515 2543 602 2586 causa
624 2523 688 2597 1311,
710 2533 830 2605 3333133
855 2545 942 2606 quam
970 2527 1088 2589 annales
1114 2546 1177 2588 cam
1203 2530 1264 2588 1333
1290 2527 1513 2607 praeterierunt.

161 2631 244 2693 Certe
270 2631 347 2711 apud
373 2629 531 2709 scriptores
559 2647 634 2708 quos
656 2627 798 2690 habemus
827 2629 917 2690 semel
946 2637 1061 2692 tantum
1084 2641 1265 2694 memoratur
1286 2631 1364 2712 apud
1390 2630 1513 2693 llioncm

162 2736 212 2806 54,
234 2733 274 2796 30
301 2733 336 2795 ad
363 2753 388 2796 a.
411 2732 486 2794 742:
521 2724 640 2815 ἐπειδή
669 2753 703 2793 aa
731 2727 751 2814 ἦ
777 2727 872 2794 {loia
902 2731 940 2796 τὸ
974 2729 1074 2810 ἔθνος
1107 2731 1300 2817 ἐπικουρίας
1332 2731 1423 2808 τινὸς
1457 2731 1515 2796 διὰ

162 2835 319 2921 σεισμοὺς
339 2833 486 2920 μάλιστα
507 2833 627 2911 ἐδεῖτο,
655 2832 713 2899 τόν
739 2858 774 2898 τε
801 2827 906 2918 φόρον
928 2829 1026 2920 αὐτῆς
1047 2835 1105 2900 τόν
1127 2835 1232 2900 ἔτειον
1253 2834 1288 2899 ἔκ
1310 2837 1374 2902 τῶν
1396 2833 1515 2900 ἑαυτοῦ

161 2939 335 3025 χρημάτων
364 2943 410 3024 τῷ
433 2939 532 3024 κοινῷ
555 2935 714 3022 ediverso.
759 2938 844 3013 Quod
867 2938 979 3001 313333
1002 2941 1069 3003 lisia
1091 2941 1239 3022 prouincia
1261 2959 1394 3005 annuum
1417 2940 1514 3004 tribu-

161 3055 225 3107 tum
248 3043 393 3126 pendebat
414 3043 590 3105 talentorum
613 3050 753 3122 quattuor
774 3042 898 3118 milium,
920 3063 977 3124 qua
992 3044 1027 3106 de
1043 3063 1074 3106 re
1089 3044 1153 3106 inre
1168 3045 1319 3107 dubitatur
1333 3043 1515 3125 (llarqnardt

161 3148 431 3228 Stootsceruultuaq
443 3147 472 3221 2,
488 3145 574 3220 288),
590 3165 643 3226 pro
660 3165 693 3207 ea
704 3165 739 3208 co
751 3165 827 3208 anno
839 3147 974 3228 princeps
986 3147 1124 3228 dependit
1134 3147 1302 3210 sestertium
1315 3147 1513 3222 cedocedo.

162 3253 221 3314 Gur
243 3251 371 3332 coeperit
392 3268 468 3312 anno
492 3249 563 3322 736,
586 3268 647 3310 non
669 3245 821 3330 perspicio.
866 3250 1000 3314 Fortasse
1023 3260 1142 3333 propter
1164 3270 1266 3314 causas
1288 3249 1374 3313 nobis
1400 3251 1514 3331 ignotas

162 3375 197 3416 3ο
226 3374 304 3417 3333
331 3354 461 3436 primum
489 3353 602 3415 reditus
628 3352 738 3434 publici
766 3355 806 3415 ita
834 3353 1016 3428 deiecerunt,
1045 3364 1078 3417 ut
1103 3355 1247 3418 aerarium
1276 3364 1358 3417 33133
1381 3353 1513 3416 ordinem

162 3459 358 3522 adiuvandum
374 3467 460 3519 esset.
495 3458 553 3520 Sed
568 3466 717 3538 praeterea
732 3476 797 3519 eam
812 3456 1015 3520 liberalitatem
1031 3457 1218 3520 coniunctam
1234 3457 1325 3520 131333
1340 3457 1513 3520 crediderim

161 3583 230 3626 cum
252 3582 322 3626 cura
343 3580 478 3624 annonae
499 3580 524 3622 a.
541 3559 603 3622 732
625 3580 642 3622 3
663 3560 795 3642 principe
817 3569 968 3641 suscepta3
995 3580 1028 3622 ea
1054 3561 1133 3624 enim
1156 3581 1226 3624 3333
1248 3580 1316 3624 cum
1339 3561 1402 3624 sine
1425 3561 1514 3624 dnbio

161 3669 258 3748 aliquo
281 3669 369 3730 modo
391 3687 407 3728 a
428 3665 571 3728 reditibus
594 3665 698 3728 aerarii
719 3665 869 3745 penderet,
892 3664 950 3726 iam
972 3664 1009 3726 iis
1031 3664 1234 3728 deficientibus
1249 3665 1386 3747 princeps
1400 3664 1513 3726 13311133

162 3791 250 3852 quam
273 3781 358 3833 antea
381 3769 491 3832 moveri
518 3768 619 3832 debuit
646 3769 682 3830 ad
709 3768 948 3850 supplementum
978 3768 1196 3848 praestandum.
1245 3767 1368 3831 Tributa
1395 3785 1514 3848 posses·

163 3876 278 3938 soribus
300 3875 361 3955 agri
382 3873 568 3955 provincialis
590 3873 726 3953 imposita
748 3871 802 3934 alia
824 3875 973 3935 frumento
996 3872 1090 3934 soluta
1105 3890 1179 3945 esse,
1201 3871 1256 3933 alia
1270 3871 1394 3952 pecunia
1408 3879 1513 3934 notum

163 3991 222 4054 est;
249 3979 412 4060 comparari
439 3987 566 4059 possunt
592 3977 678 4038 verba
699 3975 791 4038 Taciti
813 3976 977 4050 333161
999 3978 1148 4056 1333333313
1166 3985 1193 4038 31
1209 3979 1344 4057 pecuniae
1359 3975 1513 4056 3331133133,

163 4095 255 4146 cetero
292 4083 474 4164 publicorum
511 4084 661 4162 secutarum
704 4080 878 4144 societatibus
916 4083 1041 4160 33311333
1078 4077 1276 4141 Romanorum
1321 4077 1513 4158 uniebantur,

163 4185 257 4268 13313.
276 4187 331 4248 19:
350 4185 717 4266 [33333113113113133331
737 4187 913 4246 abactionem
932 4183 1101 4265 oapunla'tntc
1119 4200 1272 4244 muncrum
1286 4181 1399 4244 mollr'rc
1413 4189 1444 4244 et
1458 4180 1513 4242 31:

164 4290 238 4353 bono
258 4291 449 4371 {mtuncepre
469 4292 500 4350 ia
521 4289 669 4360 tributum,
693 4305 761 4368 3333
779 4297 805 4348 31
826 4305 920 4349 onnus
936 4291 968 4348 13
985 4287 1164 4365 fmmeastum
1177 4295 1207 4349 et
1221 4285 1266 4346 Ti.
1281 4283 1346 4348 lolii
1360 4283 1515 4346 Alexandri

163 4393 301 4475 praefecti
323 4394 444 4474 Aegypti
466 4411 492 4454 3.
509 4391 549 4454 68
572 4391 655 4472 (11.1.
672 4391 720 4453 Gr.
737 4390 915 4470 isonam:
939 4387 1191 4463 codiciacensis
1218 4389 1396 4472 κατεκρίθη
1421 4390 1515 4469 [upo-

163 4495 283 4561 codsxoi
313 4497 379 4574 elci
411 4492 515 4574 [ἅλμα
546 4493 726 4577 ιελέσμοιτα
753 4494 865 4558 σιοικὰ
893 4493 949 4555 καὶ
983 4489 1142 4576 &proponti
1170 4502 1200 4554 et
1232 4489 1379 4572 imprimis
1409 4489 1514 4572 Hygini

163 4599 316 4678 gromatici
341 4599 390 4678 (de
411 4599 473 4660 lim.
490 4608 583 4661 const.
599 4618 628 4679 p.
645 4597 827 4679 205):'cprs'
850 4597 997 4678 3331133133
1028 4597 1134 4659 multos
1165 4595 1268 4659 1131331
1294 4598 1515 4658 cmutitutc'oaas:

163 4709 195 4766 io
208 4705 375 4785 paeidusdom
387 4708 541 4784 prcm'ace'is
555 4705 671 4783 13331313
682 4711 796 4783 purtem
806 4711 956 4783 praestant
970 4711 1084 4772 certem,
1104 4699 1157 4760 olii
1169 4702 1291 4780 33313133,
1311 4698 1363 4760 ulii
1375 4701 1515 4778 septimos,

164 4809 217 4870 olii
233 4811 394 4888 3333311331,
416 4819 442 4870 31
458 4807 525 4884 tins.
541 4808 592 4886 od)
607 4807 657 4869 boc
678 4825 730 4887 per
751 4807 805 4868 soli
823 4809 1043 4870 nestr'muta'maem
1066 4814 1143 4866 certe
1163 4805 1515 4884 33311333133333111313
