3696 5430
511 1571 563 1648 H.
604 1571 982 1650 MONUMENTUM
1008 1571 1423 1653 APOLLONIENSE.

390 1894 558 1977 Apolloniae
581 1894 611 1956 in
633 1893 740 1956 Pisidia
756 1894 795 1975 (r.
811 1914 841 1974 p.
856 1913 886 1956 rx
907 1895 974 1957 adn.
991 1893 1033 1974 3),
1056 1894 1142 1957 hodie
1158 1894 1311 1968 Oluburlu¹
1334 1915 1395 1959 non
1417 1905 1550 1978 repertae
1573 1906 1643 1960 sunt

291 1999 349 2060 nisi
371 1997 620 2078 interpretationis
643 1997 767 2060 Graecae
788 1998 947 2078 particulae
970 2006 1000 2059 et
1029 1997 1199 2078 paginarum
1230 1999 1349 2079 quidem
1377 2009 1517 2080 quattuor
1544 2009 1642 2081 partes

292 2120 433 2176 summae,
457 2120 530 2180 quas
553 2100 738 2162 monumenti
759 2099 866 2180 integri
888 2101 1047 2163 secundam
1070 2101 1186 2164 tertiam
1216 2111 1349 2182 quartam
1378 2102 1511 2182 quintam
1541 2103 1642 2175 luisse,

291 2213 366 2266 totas
388 2203 570 2265 intercidisse
592 2202 711 2285 paginas
733 2203 859 2284 primam
882 2214 992 2267 sertam
1017 2206 1172 2284 septimam
1195 2223 1261 2266 cum
1285 2206 1473 2268 intellexisset
1492 2205 1642 2280 Francius,

289 2306 473 2370 confirmavit
488 2306 596 2368 Graeca
617 2324 684 2387 pars
700 2307 885 2368 monumenti
900 2307 1045 2389 Ancyrani
1060 2317 1159 2388 postea
1175 2308 1297 2388 expleta.
1334 2307 1490 2372 Universae
1505 2308 1643 2389 reliquias

289 2411 508 2490 descripserunt
530 2409 669 2470 Arundell
686 2409 870 2486 ¹(ds'sccoerr‘es
891 2414 924 2472 r‘rt
939 2411 1005 2474 Asia
1027 2414 1130 2473 minor.
1175 2411 1299 2473 Loudini
1316 2411 1398 2474 1834
1420 2411 1512 2473 voli
1534 2433 1563 2493 p.
1579 2411 1642 2474 tao

288 2515 352 2577 coll.
368 2513 424 2574 vol.
442 2515 457 2573 1
475 2532 504 2592 p.
520 2510 605 2591 241),
629 2511 823 2592 Waddington
845 2515 922 2593 apud
938 2512 1093 2575 Lebasiuur
1109 2514 1197 2575 inser.
1214 2515 1270 2576 vol.
1287 2533 1318 2575 ru
1334 2534 1363 2576 n.
1382 2515 1473 2588 1194,
1496 2515 1642 2577 Gustavus

288 2616 461 2689 Hirschfeld,
484 2615 535 2696 qui
557 2615 630 2677 milri
651 2615 731 2678 dedit
752 2635 820 2677 curn
843 2617 1002 2697 descriptas
1025 2625 1087 2678 tum
1111 2617 1211 2680 charta
1233 2636 1393 2698 expressas,
1423 2618 1501 2680 unde
1530 2617 1640 2680 variam

287 2719 442 2781 lectionem
466 2718 543 2780 edidi
564 2718 594 2779 in
617 2717 819 2798 Ephemeridis
842 2719 1043 2800 epigraphicae
1058 2721 1114 2782 vol.
1129 2719 1220 2782 altero
1237 2721 1345 2802 (1875)
1361 2742 1389 2802 p.
1405 2721 1482 2797 4823
1504 2720 1640 2803 paginam

287 2822 404 2884 tertiam
426 2831 457 2884 et
478 2829 598 2902 quartae
620 2830 732 2902 partem
753 2820 840 2884 habet
855 2825 943 2885 etiam
960 2822 1109 2885 llamilton
1125 2825 1297 2899 (reseorclses
1311 2828 1343 2886 in
1357 2825 1425 2887 Asr'c
1438 2828 1533 2887 minor
1547 2823 1603 2885 rol.
1619 2822 1639 2884 2

287 2945 316 3006 p.
331 2926 391 2988 491
410 2944 440 2986 5.
456 2926 541 3004 455).
585 2924 731 2987 Tractavit
753 2926 916 3004 fragmenta
938 2925 1077 2988 Francius
1100 2936 1144 2989 ter
1166 2926 1412 3007 (Moactsdericlste
1436 2929 1486 2990 der
1507 2927 1640 2990 Berliaer

287 3029 437 3091 diademis
457 3047 484 3090 a.
503 3027 583 3090 1839
605 3027 772 3108 p.102sq.
795 3037 825 3090 et
847 3017 877 3090 C.
893 3030 915 3090 l.
932 3030 981 3092 Gr.
1004 3029 1060 3091 rol.
1076 3029 1095 3091 3
1112 3048 1140 3091 n.
1157 3030 1237 3092 3971
1263 3039 1293 3092 et
1314 3030 1344 3092 in
1366 3029 1493 3092 editione
1514 3030 1639 3092 huiusce

287 3131 486 3204 monumenti,
514 3149 602 3209 quarn
624 3149 692 3192 cum
717 3130 853 3212 Zumptio
876 3132 1003 3206 curavit,
1032 3133 1222 3215 p.101sq.).
1268 3134 1405 3214 Singulae
1427 3132 1548 3215 paginae
1569 3153 1636 3196 cum

289 3234 418 3312 integrae
441 3236 569 3306 luerunt,
594 3233 743 3313 sexagenis
766 3234 883 3297 circiter
897 3235 1031 3297 versibus
1053 3237 1178 3317 exempli
1194 3237 1295 3299 Graeci
1310 3236 1456 3318 Ancyrani
1476 3237 1638 3317 'responde-

286 3334 358 3397 bant
383 3335 587 3416 habebantque
614 3336 694 3416 ipsae
720 3355 823 3399 versus
845 3356 933 3418 supra
955 3338 1187 3418 quinquagenos.
1232 3339 1324 3401 Hodie
1346 3340 1402 3402 hoc
1425 3340 1538 3421 expleto
1560 3342 1637 3420 trag-

287 3447 454 3500 mentorum
470 3438 719 3519 Apolloniensium
744 3440 854 3502 utilitas
876 3441 979 3522 exigua
995 3451 1048 3504 est.
1086 3442 1254 3523 Respondet
1268 3451 1366 3506 autern
1382 3443 1500 3505 initium
1516 3443 1637 3524 paginae

287 3541 431 3602 secundae
452 3540 666 3620 Apolloniensis
688 3543 857 3624 Aneyranae
879 3543 908 3618 3,
932 3543 985 3619 123
1008 3545 1110 3608 tertiae
1131 3545 1346 3625 Apolloniensis
1367 3546 1535 3626 Ancyranae
1558 3545 1587 3618 6,
1604 3546 1636 3620 5;

286 3654 407 3726 quartae
423 3644 637 3726 Apolloniensis
650 3647 819 3728 Ancyranae
842 3647 871 3720 8,
893 3649 947 3722 173
969 3647 1089 3728 quintae
1104 3647 1319 3730 Apolloniensis
1335 3648 1505 3730 Ancyranae
1522 3649 1571 3720 11,
1589 3649 1637 3708 10.
