3696 5430
292 356 334 414 VI

281 534 411 616 quidem
434 543 515 596 extra
538 536 657 597 domum
681 532 898 614 imperatoriam
922 533 1075 595 constituti
1097 532 1233 614 princeps
1256 533 1435 596 mentionem
1459 535 1527 597 lacit
1548 555 1644 616 neque

281 620 412 700 'omnino
434 646 636 718 praeterquam
660 636 691 697 in
713 636 796 698 annis
823 635 1007 716 designandis
1029 654 1137 697 nomen
1159 637 1243 717 ponit
1262 637 1391 699 hominis
1406 639 1480 699 inlra
1496 639 1644 718 fastigium

293 740 515 822 imperatorium
544 739 704 802 constituti.
749 737 789 800 lle
820 738 914 801 turbis
943 738 1076 801 civilibus
1103 738 1173 801 dicit
1199 739 1317 819 quidem
1342 741 1542 822 compluribus
1564 741 1644 814 locis,

295 845 346 907 sed
371 843 543 906 brevissime
566 852 596 905 et
618 842 786 905 cautissime
809 849 838 902 et
861 851 893 903 ut
914 859 1059 921 nusquam
1078 841 1197 904 nomina
1213 843 1348 906 enuntiet
1362 863 1463 906 eorum
1480 845 1531 925 qui
1546 853 1646 906 contra

296 967 326 1009 se
353 965 434 1008 arma
469 947 606 1008 tulissent
638 945 720 1006 bellis
753 943 899 1018 civilibus,
928 953 961 1006 ut
988 944 1025 1006 bl.
1042 945 1125 1008 Bruti
1154 954 1184 1007 et
1210 947 1240 1008 C.
1257 946 1348 1008 Cassii
1378 949 1490 1028 (sertim
1520 966 1570 1022 ¹23
1599 951 1649 1028 qui

292 1061 441 1130 parentem
467 1068 560 1110 meum
586 1049 803 1128 interfecerunt:
834 1065 843 1106 1
862 1051 918 1123 ro),
948 1048 985 1109 bl.
1006 1047 1124 1110 Antonii
1147 1053 1183 1128 (tr
1205 1067 1269 1111 cum
1290 1069 1345 1130 quo
1368 1049 1470 1112 bellum
1491 1067 1646 1130 gemerem:

296 1173 325 1213 rr
338 1171 365 1214 so
386 1155 422 1215 cl.
438 1173 455 1214 v
471 1172 484 1214 1
502 1160 533 1213 et
546 1150 599 1213 Dio
616 1153 667 1225 51,
686 1151 746 1230 19),
762 1150 800 1211 bl.
817 1150 917 1231 Lepidi
939 1151 1014 1230 (cepi
1030 1151 1060 1212 id
1077 1153 1266 1214 sacerdotium
1281 1187 1321 1197 -
1337 1153 1537 1233 pontificatum
1555 1151 1647 1214 maxi-

298 1275 379 1318 mnm
402 1290 444 1299 —
465 1275 497 1318 eo
517 1265 630 1317 mortuo
652 1257 702 1334 qui
721 1252 810 1315 cior'lts
830 1264 924 1315 motus
946 1257 1088 1316 occasione
1103 1266 1302 1336 occupauerat:
1325 1274 1346 1315 11
1362 1257 1411 1336 aa),
1435 1257 1500 1318 Sex.
1516 1255 1648 1336 Pompeii

298 1360 483 1440 (proedonem
506 1378 523 1419 n
545 1361 579 1432 1).
624 1357 720 1419 Cladis
742 1355 880 1417 Varianae
903 1355 1104 1438 similiumque
1125 1358 1353 1420 infortuniorum
1383 1359 1563 1421 mentionem
1589 1376 1648 1420 non

297 1462 362 1524 fieri
383 1462 429 1522 vix
452 1479 527 1542 opus
550 1469 595 1522 est
616 1477 750 1534 monere;
773 1467 874 1521 contra
897 1469 1078 1522 memoratur
1100 1461 1245 1543 expeditio
1268 1481 1326 1524 non
1349 1463 1442 1525 multo
1463 1462 1647 1542 magistellos

288 1566 351 1651 psed
373 1584 432 1627 non
455 1564 634 1626 conclamata
649 1562 721 1624 helii
737 1562 809 1624 Galli
832 1563 862 1642 (v
881 1568 927 1642 aa).
962 1561 1092 1643 Denique
1114 1582 1218 1627 arcana
1241 1565 1357 1646 imperii
1380 1565 1409 1626 in
1427 1566 1476 1628 tali
1491 1566 1648 1646 scriptione

290 1658 386 1731 ¹ararnio
409 1687 498 1730 sanus
520 1676 656 1747 quaeret,
679 1666 729 1727 sed
753 1683 794 1738 ea,
817 1683 891 1746 quae
913 1666 1055 1746 populum
1079 1668 1248 1730 universum
1272 1669 1300 1730 et
1322 1669 1500 1749 plebeculam
1525 1667 1649 1729 maxime

256 1767 259 1775 ⁴
300 1777 336 1837 de
358 1793 390 1834 se
412 1772 457 1833 vel
478 1790 566 1832 nosse
587 1769 633 1832 vel
654 1770 772 1831 credere
794 1768 880 1830 vellet
900 1769 1059 1850 imperator
1081 1772 1172 1833 animi
1193 1771 1288 1833 callidi
1305 1773 1395 1852 magis
1410 1790 1497 1851 quam
1513 1770 1648 1832 sublimis

288 1878 411 1963 ¹quique
433 1874 531 1954 magni
553 1872 607 1934 viri
628 1891 784 1953 personam
807 1880 873 1952 apte
895 1873 1019 1952 gesserit
1039 1874 1101 1955 ipse
1123 1892 1183 1937 non
1207 1893 1340 1954 magnus.

343 1979 440 2061 Capl
462 1979 503 2058 (p.
520 1976 562 2056 2).

433 2100 517 2144 11-a
543 2076 786 2141 Adulescentulus
807 2076 967 2139 exercitum
990 2089 1147 2160 comparat.

464 2203 516 2248 a-r
544 2182 621 2244 loco
643 2180 788 2242 consulari
810 2180 952 2260 adlegitur
974 2182 1003 2243 in
1027 2193 1172 2258 senatum,
1198 2183 1268 2246 item
1292 2182 1449 2264 imperium
1471 2181 1578 2262 accipit
1599 2199 1652 2262 pro

607 2292 750 2365 praetore.

465 2411 517 2452 r-s
544 2387 652 2450 Consul
674 2387 687 2448 l
709 2395 825 2448 creatur
846 2395 875 2448 et
898 2386 985 2449 lllrir
1007 2406 1031 2448 r.
1048 2408 1076 2469 p.
1093 2407 1118 2451 c.

344 2497 412 2577 Cap.
428 2494 455 2556 ll
478 2501 518 2575 tp.
535 2492 577 2571 5).

408 2616 418 2658 1
441 2614 520 2659 11-11
547 2595 606 2656 Lex
629 2591 726 2656 Pedia.
771 2591 883 2654 Bellum
907 2591 1101 2675 Philippense.

345 2705 413 2784 (lap.
429 2701 468 2762 lll
491 2700 532 2781 (p.
549 2700 591 2774 5).

408 2823 417 2864 1
440 2823 519 2866 11-11
547 2802 624 2863 Beda
647 2807 788 2862 sustenta.
834 2798 953 2860 (linibus
976 2807 1005 2861 et
1026 2800 1172 2882 plerisque
1195 2802 1323 2864 externis
1344 2802 1436 2863 victor
1459 2789 1560 2882 pa'rcit.

438 2925 518 2970 1c-rs
544 2905 692 2968 Numerus
716 2901 841 2964 militum
866 2911 894 2963 et
917 2911 1132 2965 veteranorum.

446 3029 520 3072 1111
545 3007 694 3070 Numerus
716 3004 833 3067 navium
858 3014 1018 3085 captarum.

347 3115 415 3194 Cap.
430 3113 467 3174 lV
490 3117 532 3193 (p.
550 3111 611 3190 10).

410 3232 521 3279 rat-u
546 3213 693 3275 Numeros
727 3208 895 3271 orationum
929 3217 959 3271 et
992 3209 1222 3292 triumphorum.
1267 3209 1421 3291 Triumphi
1448 3228 1508 3271 non
1538 3209 1657 3290 accepti.

610 3314 724 3376 Laurus
745 3311 904 3391 depositae.

441 3438 520 3483 at-ar
547 3418 695 3481 Numeros
719 3415 966 3496 supplicationum
989 3425 1019 3478 et
1040 3417 1153 3480 dierum
1178 3437 1230 3499 per
1252 3435 1326 3498 quos
1350 3415 1547 3497 supplicatum
1569 3423 1622 3477 est.

446 3543 480 3586 aa.
493 3540 520 3586 aa
545 3521 693 3584 Numerus
715 3537 817 3598 regum
839 3519 1058 3601 liberorumque
1080 3539 1183 3584 eorum
1199 3521 1230 3582 in
1248 3520 1405 3610 triumphis
1420 3519 1477 3581 illis
1492 3520 1657 3581 ductorum.

440 3645 520 3690 aa-ao
545 3625 694 3687 Numerus
716 3623 921 3685 consulatuum
945 3633 976 3686 et
997 3643 1141 3687 annorum
1165 3623 1336 3687 tribuniciae
1358 3622 1521 3704 potestatis.

350 3728 603 3812 onorico·
1040 3711 1055 3728 ⁴

413 3853 422 3894 r
451 3852 483 3896 er.
498 3850 524 3894 aa
552 3831 699 3893 Dictatore
721 3846 781 3890 nou
803 3837 930 3910 accepta.

442 3954 523 4000 11-11
549 3936 624 3997 (lora
647 3951 788 3995 annonae.

450 4061 483 4102 aa.
497 4057 523 4101 es
551 4037 727 4101 Consulatus
750 4044 910 4117 perpetuus
933 4054 992 4096 non
1015 4046 1161 4117 acceptus.

352 4144 419 4224 Cap.
434 4142 471 4203 vt
494 4142 536 4222 (p.
553 4141 617 4220 28).

415 4265 424 4306 1
447 4264 472 4307 sr
490 4290 518 4306 ..
551 4245 627 4307 Cura
648 4244 745 4322 legum
769 4249 798 4303 et
820 4257 937 4301 morum
960 4263 1020 4306 non
1042 4253 1168 4325 accepta,
1193 4252 1332 4324 usurpata
1347 4247 1477 4323 potestas
1493 4237 1659 4301 tribunicia.

416 4376 425 4418 1
554 4354 685 4434 Collegae
708 4351 879 4415 tribuniciae
901 4349 1064 4433 potestatis.

354 4457 632 4541 Qfflspm

417 4581 500 4625 1...
554 4559 702 4622 Triumvir
724 4578 748 4620 r.
763 4577 792 4638 p.
808 4577 833 4618 c.

417 4686 427 4727 1
456 4685 488 4729 re
503 4685 529 4728 aa
558 4663 697 4743 Princeps
719 4668 847 4724 senatus.

418 4789 428 4830 1
456 4787 529 4832 1111
560 4767 734 4830 Sacerdotis.
