3730 5434
334 373 377 438 20
934 373 957 440 1,
976 375 1081 429 21-24

329 551 425 612 eodem
446 554 476 612 in
501 549 638 631 Capitolio
662 555 710 626 tr.)
739 552 778 613 od
806 552 913 614 cosdem
940 553 1013 628 deos,
1042 555 1144 636 galbas
1168 564 1234 617 coto
1259 559 1449 638 asumpserit,
1480 561 1582 620 mento
1603 559 1679 620 docto

325 664 447 735 portares
478 655 562 716 redit.
607 653 778 735 Obsequens
805 675 830 717 c.
852 656 908 718 61:
945 656 975 719 C.
998 656 1135 721 latonius
1163 675 1275 738 procos.
1304 679 1368 722 crem
1525 660 1678 722 Cotsliaoos

330 759 481 829 devicisset,
504 759 648 820 laureatos
668 760 761 839 [oscas
790 763 822 821 io
840 763 1017 839 prouba'om
1039 763 1118 823 told:
1139 763 1180 824 obi
1199 781 1217 823 o
1238 761 1386 825 Dardanis
1408 781 1555 844 oppressero
1576 768 1678 827 umbro

327 865 454 923 concito
481 863 627 942 prosapia
665 865 798 942 opporaeit
829 883 893 924 eam
924 863 1048 926 hostibus
1073 865 1248 944 portendisse
1276 870 1432 940 uictoriam,
1465 883 1529 929 com
1562 867 1600 929 od
1632 886 1678 929 eos

327 963 445 1027 laomor
473 969 616 1028 uictricem
643 965 752 1038 emmo,
780 985 861 1047 poam
883 970 914 1028 in
938 965 1074 1048 Capitolio
1096 968 1232 1031 debuerat
1253 971 1399 1051 deponere.
1444 971 1565 1046 Laurus,
1588 990 1676 1051 quam

326 1068 420 1131 victor
445 1067 475 1129 in
503 1068 606 1131 urbem
629 1067 745 1130 rediens
766 1068 827 1131 lovi
849 1072 914 1144 lert,
938 1079 968 1133 et
989 1071 1094 1150 palma,
1116 1091 1203 1152 quam
1230 1073 1427 1153 triumphator
1446 1074 1540 1137 eidem
1560 1073 1677 1136 numini

326 1171 376 1234 dat
397 1171 579 1252 (blarquardt
600 1169 870 1254 Stootsoenooltonp
892 1172 921 1248 2,
945 1175 1029 1255 569),
1052 1177 1092 1237 ita
1118 1176 1289 1238 coniunctae
1311 1185 1389 1250 sunt,
1417 1186 1452 1240 ut
1472 1177 1520 1239 illa
1541 1177 1576 1239 ad
1599 1177 1677 1240 anti-

325 1275 458 1355 quiorem
494 1284 525 1338 et
556 1273 711 1355 aliquando
744 1275 868 1338 ducibus
902 1277 1039 1340 omnibus
1065 1297 1253 1341 communem
1280 1279 1418 1341 victoriae
1451 1280 1674 1342 celebrationem

324 1378 481 1459 pertineat,
513 1379 584 1440 baec
609 1377 874 1458 triumphatoribus
899 1391 1045 1444 reservata
1069 1383 1105 1443 ad
1131 1382 1292 1462 augendam
1318 1383 1512 1447 sollemnioris
1539 1384 1675 1446 victoriae

324 1501 463 1563 pompam
485 1490 586 1562 postea
609 1483 648 1544 ita
670 1481 780 1544 adiecta
803 1482 849 1557 sit,
873 1492 907 1545 ut
927 1484 1026 1547 laurus
1048 1504 1163 1566 quoque
1186 1485 1276 1548 simul
1298 1485 1438 1549 tradatur.
1471 1487 1511 1550 lle
1533 1488 1588 1549 bac
1602 1505 1674 1550 con-

324 1586 488 1658 suetudine,
511 1585 596 1647 cuius
620 1584 795 1647 documenta
818 1587 910 1649 multa
932 1597 1033 1650 extant
1053 1587 1095 1668 (r.
1111 1587 1282 1652 Stootsrecbt
1306 1586 1383 1670 l²p.
1400 1590 1450 1652 61.
1466 1591 1530 1668 96),
1552 1599 1673 1653 nonest
1768 1655 1771 1664 ,

323 1690 402 1768 quod
423 1689 479 1750 hoo
501 1689 564 1750 loco
587 1707 724 1768 agamus;
746 1689 802 1750 boc
821 1690 1019 1769 quaerendum
1035 1701 1089 1765 est,
1105 1691 1292 1772 imperatoria
1306 1702 1399 1754 aetate
1414 1694 1484 1756 baec
1498 1693 1673 1756 caerimonia

323 1800 468 1872 quaternis
497 1791 637 1854 manserit
662 1799 810 1853 mutatare
838 1792 886 1854 sit.
930 1793 1002 1855 Nam
1033 1813 1100 1856 cum
1125 1804 1185 1858 tota
1211 1796 1324 1858 nitatur
1353 1797 1539 1876 magistratus
1566 1797 1609 1860 itu
1637 1797 1673 1859 ad

323 1895 432 1958 bellum
464 1895 631 1975 redituque,
665 1893 728 1957 iure
759 1896 924 1974 quaeritur,
958 1907 1057 1959 utrum
1088 1899 1233 1962 eiusmodi
1261 1899 1356 1962 exitus
1386 1901 1474 1963 etiam
1500 1902 1555 1963 bac
1581 1905 1672 1963 aetate

322 1999 481 2079 requisitus
503 1999 543 2061 sit
563 2017 600 2060 an
623 1998 724 2060 laurus
747 1998 854 2080 deponi
868 1999 998 2079 potuerit
1012 1999 1043 2062 in
1058 1999 1199 2082 Capitolio
1214 2002 1344 2083 principe
1360 2003 1390 2065 in
1408 2003 1479 2066 urbe
1494 2014 1630 2066 manente
1645 2013 1674 2066 et

321 2121 375 2184 per
396 2103 505 2182 legatos
527 2121 590 2164 rem
605 2113 731 2182 gerente.
769 2101 807 2162 lit
820 2102 971 2181 Augustus
986 2103 1104 2182 quidem
1120 2103 1151 2165 ni
1167 2105 1250 2166 l'allor
1264 2107 1413 2186 antiquam
1430 2109 1672 2171 consuetudinem

322 2204 459 2280 servavit;
482 2222 550 2266 nam
575 2203 630 2266 etsi
652 2223 727 2284 quae
748 2202 780 2266 in
801 2204 896 2266 indice
919 2206 1020 2268 scribit
1041 2209 1165 2270 tortasse
1188 2208 1275 2271 ctiam
1299 2210 1361 2271 sine
1383 2211 1562 2291 proiectione
1581 2211 1673 2294 ipsius

322 2309 441 2388 cogitari
470 2317 610 2389 possunt,
639 2307 819 2370 narrationes
846 2307 946 2371 Dionis
976 2310 1142 2390 Augustum
1171 2312 1340 2375 redeuntem
1370 2333 1405 2375 ex
1427 2314 1525 2377 Gabiis
1549 2325 1577 2377 et
1600 2316 1673 2377 Ger·

326 2411 431 2474 maniis
460 2411 673 2473 a.7411ut5
701 2412 817 2474 laurum
845 2410 1016 2492 deposuisse
1043 2413 1073 2474 in
1100 2415 1169 2476 aede
1191 2415 1266 2478 lovis
1294 2416 1448 2498 Capitolini
1471 2418 1533 2491 (54,
1549 2416 1606 2478 25:
1634 2415 1673 2506 τῇ

326 2513 356 2578 d’
385 2511 554 2596 ὑστεραίᾳ,
582 2514 694 2577 reditus
721 2515 843 2589 scilicet,
872 2507 905 2588 ἐς
931 2513 968 2578 τὸ
989 2513 1203 2583 Καπιτώλιον
1230 2515 1381 2584 ἀνελθών
1408 2515 1467 2603 τήν
1488 2543 1523 2582 ce
1544 2517 1674 2605 δάφνην

325 2614 393 2682 ἀπὸ
421 2620 484 2682 τῶν
512 2617 644 2704 ῥάβδων
670 2615 816 2702 περιεῖλε
843 2618 898 2680 καὶ
924 2615 957 2693 ἒς
984 2618 1026 2680 τὰ
1050 2620 1109 2683 τοῦ
1133 2619 1215 2695 Διὸς
1241 2621 1364 2700 γόνατα
1388 2624 1573 2701 κατέθετο),
1602 2624 1673 2686 ilem

324 2723 496 2785 redeuntem
522 2724 553 2784 in
582 2722 684 2785 urbem
708 2722 810 2784 Ticino
831 2742 857 2784 a.
874 2723 935 2784 745
963 2721 994 2784 in
1016 2723 1085 2786 aede
1107 2725 1182 2787 lovis
1204 2726 1314 2789 iereuii
1336 2727 1399 2807 (55,
1416 2729 1449 2790 6:
1475 2725 1535 2811 τὴν
1557 2723 1673 2808 ἄφιξιν

323 2820 504 2911 ἐποιήσατο
533 2825 590 2889 καὶ
616 2824 675 2910 τήν
696 2822 827 2909 δάφνην
849 2824 882 2901 ἐς
903 2826 962 2889 τοῦ
985 2825 1067 2900 Διὸς
1089 2831 1148 2890 τοῦ
1170 2833 1341 2914 φερετρίου
1364 2824 1458 2912 παραὶ
1480 2829 1518 2894 τὸ
1540 2827 1673 2914 νομιζό-

323 2950 422 3012 μενον
454 2921 615 3012 docueras)
649 2948 684 2991 eo
716 2931 829 2992 ducunt
860 2930 891 2991 in
924 2930 1019 2992 indice
1051 2950 1168 3012 quoque
1194 2933 1321 3014 intellegi
1348 2942 1415 2996 sota
1441 2943 1608 3013 nuncupata
1636 2931 1672 2994 ab

322 3035 454 3114 Augusto
481 3043 604 3096 exeunte
633 3034 668 3095 ad
696 3017 804 3096 bellum
830 3042 861 3096 et
886 3035 1000 3096 laurum
1025 3035 1185 3115 depositam
1209 3035 1330 3117 abipso
1352 3037 1383 3098 in
1406 3036 1509 3099 urbem
1532 3036 1672 3098 redeunte

322 3157 389 3199 oum
422 3138 549 3200 fascibus
575 3136 721 3199 laureatis.
768 3137 806 3198 bt
834 3145 902 3217 post
928 3137 1092 3217 Augustum
1120 3156 1168 3200 res
1194 3137 1309 3202 ridetur
1338 3148 1450 3203 mutata
1475 3158 1549 3202 esse.
1597 3139 1671 3200 Nam

322 3258 499 3320 quamquam
523 3241 602 3320 quod
625 3239 727 3302 scribit
741 3239 854 3302 Plinius
876 3240 969 3302 maior
991 3241 1020 3300 b.
1036 3260 1065 3302 n.
1086 3242 1133 3316 15,
1150 3241 1200 3316 30,
1218 3243 1292 3304 134:
1321 3243 1447 3323 (buras)
1467 3245 1561 3324 [oscas
1581 3247 1671 3322 tmpe-

320 3355 451 3406 rotorum
481 3345 608 3406 dccmot:
639 3361 676 3404 em
702 3343 744 3404 bis
773 3347 806 3405 in
831 3348 939 3422 gremio
960 3343 1034 3406 louis
1056 3350 1156 3428 optimi
1172 3351 1346 3428 moos'ms'poe
1373 3343 1524 3428 depomtor
1544 3350 1671 3428 quotiens

320 3447 457 3509 laetitiam
492 3465 567 3508 novo
599 3450 718 3509 uictoria
753 3444 864 3520 attolit,
900 3446 1029 3527 itemque
1056 3447 1238 3511 narrationes
1269 3449 1463 3511 Suetonianae
1491 3449 1527 3510 de
1555 3448 1670 3510 Nerone

320 3551 358 3631 (c.
377 3549 429 3632 13)
451 3559 481 3612 et
502 3551 537 3612 de
560 3549 725 3612 Domitiano
748 3555 784 3627 (c.
801 3549 835 3611 6:
860 3550 893 3612 de
918 3549 1007 3612 Cattis
1028 3550 1166 3634 bacasque
1189 3553 1328 3634 duplicem
1349 3553 1523 3633 triumphum
1544 3557 1613 3634 egit,
1636 3553 1670 3616 de

319 3653 459 3716 Sarmatis
488 3654 617 3716 laareom
645 3654 728 3715 modo
752 3651 909 3734 Capitolino
939 3653 1001 3716 lovi
1027 3655 1147 3730 rettulit)
1176 3674 1245 3718 cum
1273 3656 1392 3736 antiquo
1421 3655 1557 3719 instituto
1586 3656 1669 3718 facile

319 3757 524 3831 conciliantur,
562 3759 658 3819 minor
684 3756 796 3819 Plinius
827 3777 900 3837 qnae
933 3757 969 3819 de
997 3757 1091 3820 Nerva
1123 3747 1211 3821 tra'dit
1238 3760 1351 3841 (paneg.
1373 3779 1397 3822 c.
1420 3758 1452 3822 8:
1480 3759 1578 3823 adlato
1608 3763 1671 3823 obt

319 3881 357 3924 eo
377 3861 528 3923 Pannonio
549 3863 650 3924 lourm
665 3907 770 3924 .....
785 3861 860 3923 lonc
881 3866 1036 3941 imperator
1051 3861 1149 3924 Neruo
1169 3865 1201 3924 in
1220 3869 1327 3944 gremio
1349 3863 1423 3926 lovis
1443 3863 1609 3927 collocarat:
1631 3866 1667 3926 cl.

318 3983 344 4026 c.
362 3965 413 4044 16)
437 3965 528 4026 moris
550 3964 785 4027 immutationem
802 3964 928 4045 aliquam
945 3965 1115 4044 llagitaotll.
1145 3963 1220 4028 Utut
1238 3977 1292 4041 est,
1314 3967 1345 4028 in
1360 3967 1455 4029 indice
1470 3967 1495 4029 si
1510 3987 1667 4030 numemm

317 4067 467 4148 Augustus
499 4068 599 4149 posuit
630 4070 766 4130 lauruum
796 4071 827 4131 in
858 4068 997 4149 Capitolio
1027 4069 1234 4149 depositarum,
1255 4069 1421 4132 numeravit
1442 4088 1576 4150 egressus
1599 4089 1668 4132 suos

318 4190 353 4234 ex
384 4172 455 4234 urbe
482 4172 518 4234 ad
547 4190 610 4233 rem
640 4173 795 4252 gerendam
825 4172 951 4253 demptis
980 4173 1085 4254 opinor
1105 4172 1151 4250 iis,
1174 4183 1294 4254 propter
1314 4192 1389 4253 quos
1411 4172 1553 4256 triumpbi
1575 4175 1668 4238 bonor

319 4315 529 4324 ——ae-

418 4383 439 4444 Ι)
458 4381 617 4433 Consuetudo
636 4389 747 4448 vetusta,
766 4391 795 4433 ut
813 4383 959 4449 quicumque
979 4381 1107 4434 exercitui
1125 4389 1242 4448 praeerat
1260 4384 1316 4436 sire
1334 4398 1380 4434 eoo
1398 4383 1454 4435 iuro
1472 4385 1527 4435 iore
1545 4385 1600 4436 siva
1618 4385 1668 4438 ali·

317 4484 365 4521 ero
383 4469 519 4519 victoriam
539 4469 644 4535 adeptus
664 4469 791 4522 laureatas
810 4471 913 4521 litteras
932 4468 1033 4519 llomam
1051 4467 1180 4531 mitteret,
1204 4470 1280 4521 ctiam
1299 4471 1345 4521 sub
1362 4471 1556 4538 imperatoribus
1574 4472 1667 4524 mansit

315 4555 425 4606 testibus
444 4553 534 4605 Tacito
558 4555 617 4605 bist
641 4556 665 4620 3,
679 4557 710 4606 tt
730 4558 760 4607 de
778 4555 808 4606 t.
828 4555 950 4608 Vitellio:
978 4553 1093 4606 lourmm
1111 4558 1201 4622 gestae
1217 4570 1335 4624 prospere
1352 4560 1391 4607 ναί
1406 4556 1442 4608 od
1455 4559 1570 4623 suarm
1586 4561 1667 4624 mimi,

316 4642 378 4692 item
405 4641 430 4691 io
454 4642 509 4692 vita
527 4641 664 4705 Agricolae
682 4658 703 4692 c.
725 4642 767 4695 18:
790 4659 821 4692 ne
844 4641 968 4693 lourmc's
990 4641 1090 4708 quidem
1110 4645 1185 4708 garta
1204 4647 1353 4709 prosecutur
1375 4647 1427 4708 osi,
1445 4651 1471 4695 at
1489 4643 1617 4696 Frontone
1634 4645 1666 4695 ad

314 4728 409 4778 amicos
436 4730 458 4791 1,
470 4726 500 4777 6:
524 4726 615 4778 Ionius
633 4727 767 4779 nocemus
787 4729 905 4779 tribuam
928 4726 1056 4780 bormias
1073 4727 1183 4779 lionrom
1204 4726 1291 4779 aliubi
1312 4727 1414 4780 littera
1450 4730 1499 4781 Sed
1518 4732 1665 4783 malaurae

315 4814 340 4864 in
359 4814 457 4878 gremio
475 4811 543 4864 lovis
562 4814 691 4881 depositas
710 4831 767 4868 csso
785 4831 857 4867 nemo
875 4822 965 4866 auctor
983 4822 1030 4866 ast.
1577 4812 1580 4821 '
