3730 5434
225 403 230 414 ο
308 332 351 395 40
901 323 940 390 11,
961 325 1064 379 12-18

308 509 349 590 ita
377 507 543 580 transtulit,
574 515 608 568 ut
628 507 838 588 τετρακοσίας
860 506 1022 579 omitteret,
1053 516 1202 590 praeterea
1224 506 1404 588 myriadibus
1426 516 1548 569 centena
1572 507 1657 582 milia,

309 613 428 675 milibus
456 613 529 674 dena
556 609 635 672 milia
665 610 870 686 substitueret,
901 611 1058 673 Armenius
1086 620 1187 674 contra
1214 611 1260 672 vel
1281 609 1388 672 codicis
1410 610 1447 672 ab
1469 631 1504 672 eo
1527 611 1657 691 usurpati

309 714 465 777 Eusebiani
481 712 616 776 librarius
638 731 691 794 pro
713 716 872 794 nonaginta
894 714 1073 796 myriadibus
1095 723 1125 776 et
1147 723 1258 795 septem
1284 713 1400 776 milibus
1423 715 1503 777 dedit
1524 734 1658 796 perverse

309 819 451 900 myro'ades
482 839 536 881 rur
557 827 668 879 aemam
688 828 716 878 et
738 839 805 879 rrn
824 817 988 898 similisque
1015 837 1098 879 error
1124 817 1322 880 Eusebianum
1351 817 1480 880 codicem
1508 818 1659 899 occupavit

310 922 474 985 adhibitum
496 941 512 984 a
534 921 685 984 communi
706 927 824 983 auctore
848 921 954 984 Suidae
977 931 1007 984 et
1029 921 1163 1003 syncelli.

372 1226 436 1268 cur.
453 1205 482 1282 2,
499 1225 525 1268 ω
554 1209 559 1283 Ι
583 1204 708 1284 Legibus
739 1206 831 1283 novi[a
860 1205 926 1267 tatis
951 1205 1100 1287 complura
1130 1207 1269 1286 elxeurpla
1296 1206 1440 1269 maiorum
1470 1207 1658 1269 exolescentis

499 1329 523 1372 ra
554 1309 640 1387 liam
666 1330 702 1370 ex
729 1311 841 1386 nost[ro
867 1329 924 1372 usu
944 1312 1051 1373 reducet
1069 1321 1095 1372 et
1116 1312 1184 1392 epse]
1206 1312 1365 1373 multarum
1389 1311 1497 1388 rdrtum
1510 1293 1658 1392 ‘euetmpla
1725 1345 1738 1366 ·

499 1430 524 1474 tt
551 1414 701 1494 imitanda
723 1415 855 1495 poslterts
878 1413 1002 1491 tradedit.

373 1539 418 1580 cn.
436 1521 464 1592 5,
481 1539 520 1582 at
547 1515 743 1595 Etaayayotv
771 1515 913 1596 καιζνούς
941 1513 1060 1599 νόμους
1086 1514 1195 1580 πολλὰ
1221 1514 1283 1601 ἤδη
1309 1517 1374 1582 τῶν
1401 1511 1550 1601 ἀρχαίων
1571 1517 1660 1582 ἐθῶν

480 1643 519 1684 ss
549 1616 784 1703 καΙτοιλυόμονοι
811 1617 1062 1705 διωρθωσάμην
1083 1620 1139 1683 καὶ
1161 1617 1259 1695 αὐτὸς
1283 1621 1416 1685 πολλῶν
1435 1623 1439 1704 Ι
1459 1621 1659 1705 πραγμάτων

507 1747 520 1787 a
551 1729 701 1808 μείμημα
723 1722 865 1806 ἐμαυτὸν
885 1732 956 1797 τοῖς
976 1723 1162 1806 productiva
1184 1725 1369 1809 παρέδωκα.
1390 1723 1395 1808 Ι

310 1857 395 1918 Hunc
416 1875 533 1937 quoque
554 1857 651 1919 locunt
668 1876 685 1918 a
700 1855 847 1937 prioribus
868 1875 928 1917 non
950 1856 1021 1918 setis
1042 1868 1227 1938 perspectum
1251 1858 1380 1938 primum
1407 1857 1542 1938 patefecit
1568 1858 1660 1920 versio

310 1962 427 2032 Graeca,
450 1979 628 2040 quamquam
652 1962 796 2041 interpres
818 1961 889 2021 haec
911 1979 970 2022 non
994 1962 1089 2023 solum
1112 1962 1232 2024 liberius
1254 1961 1379 2023 reddidit
1400 1981 1488 2042 quarn
1505 1963 1588 2038 solet,
1610 1963 1660 2024 sed

311 2063 397 2126 etiarn
421 2064 594 2125 vocabulum
616 2068 674 2126 iam
697 2064 772 2126 mele
793 2083 853 2125 nou
875 2065 911 2126 ad
934 2066 1120 2128 exolescentis
1142 2065 1237 2138 traxit,
1260 2066 1311 2127 sed
1334 2066 1369 2126 ad
1391 2068 1577 2128 enuntiatum
1594 2068 1661 2129 uni-

310 2186 437 2230 versum.
480 2167 515 2228 ln
537 2167 648 2230 Latinis
675 2187 743 2229 curn
773 2187 799 2228 v.
823 2167 862 2228 12
892 2168 1033 2248 perierint
1058 2169 1202 2231 elementa
1224 2188 1270 2242 xv,
1292 2187 1318 2230 v.
1338 2169 1375 2230 13
1398 2169 1429 2230 in
1458 2169 1539 2231 hiatu
1566 2171 1661 2252 priore

310 2291 366 2347 xvi,
390 2272 593 2353 supplementa
614 2272 649 2333 ad
674 2272 727 2332 hos
749 2289 889 2333 numeros
912 2272 1050 2345 formavi,
1080 2291 1147 2334 cum
1171 2281 1255 2334 antea
1277 2273 1422 2334 dedissem
1445 2275 1554 2335 reduci
1572 2276 1662 2336 motta

311 2375 415 2454 (multa
436 2378 570 2437 revocaoi
582 2375 735 2454 Bergkius)
750 2376 882 2455 exempla
896 2395 934 2437 m.
950 2394 996 2436 ec.
1011 2379 1070 2436 iam
1085 2395 1122 2438 aa
1136 2387 1235 2439 odoro
1250 2381 1366 2438 civitate.
1401 2376 1510 2438 deinde
1525 2396 1593 2439 curn
1609 2397 1661 2458 ego

311 2479 523 2560 supplevissem
546 2489 573 2540 et
593 2481 652 2558 ipse
677 2482 816 2559 proposui
909 2481 1038 2559 posteris,
1061 2479 1203 2558 Bergkius
1225 2493 1251 2543 et
1272 2485 1329 2560 ipse
1352 2482 1386 2542 de
1406 2499 1451 2542 me
1542 2485 1661 2560 posteras

312 2582 427 2654 tradidi,
450 2581 508 2642 iarn
530 2581 587 2643 hoc
609 2581 705 2661 recepi
720 2581 836 2644 Graecis
859 2583 950 2662 magis
971 2585 1233 2658 accommodatum,
1256 2603 1414 2664 suppresso
1439 2593 1533 2644 umen
1550 2582 1661 2644 addita·

313 2693 412 2747 mento
440 2683 594 2746 arbitrario
622 2685 655 2746 de
676 2703 729 2746 me.
772 2685 807 2746 ln
829 2687 886 2747 dne
907 2688 991 2748 v.14
1014 2686 1154 2750 deficiunt
1175 2689 1317 2750 elementa
1340 2707 1399 2749 non
1421 2687 1487 2768 plus
1510 2705 1576 2759 xvir,
1599 2689 1661 2748 tor-

313 2797 389 2851 tasse
411 2787 519 2850 minus.

411 2891 561 2972 Augustus
590 2892 620 2952 in
643 2911 675 2952 re
697 2892 812 2972 publico
836 2893 1016 2956 restituenda
1038 2903 1106 2954 ante
1128 2894 1226 2956 omnia
1248 2895 1304 2957 hoc
1325 2895 1386 2957 sive
1408 2904 1527 2957 secutus
1541 2905 1588 2957 est
1602 2895 1663 2958 sire

312 3005 391 3059 certe
413 3015 482 3077 prae
506 3015 537 3056 se
559 2994 627 3056 tulit
648 3004 820 3076 corruptum
844 3014 947 3058 aevum
970 2997 1167 3060 revocandum
1190 3018 1255 3060 esse
1269 2999 1305 3061 ad
1320 2998 1456 3078 antiquos
1470 3017 1583 3074 mores;
1605 3019 1661 3079 que

313 3103 348 3163 de
375 3119 406 3161 re
430 3099 554 3162 sufficiet
577 3097 741 3160 laudavisse
763 3100 841 3162 locos
865 3099 999 3162 Suetonii
1021 3101 1095 3162 duos
1117 3119 1142 3162 c.
1166 3100 1220 3162 34:
1248 3101 1320 3181 leaeo
1341 3107 1507 3164 redactaott
1527 3115 1554 3165 et
1576 3123 1662 3182 quas-

314 3206 380 3267 dam
408 3221 445 3264 ero
474 3207 585 3282 intepra
612 3207 722 3277 sacerd,
749 3213 782 3264 at
807 3205 1030 3284 sumptuariam,
1062 3205 1105 3282 [et]
1129 3204 1161 3266 de
1184 3203 1330 3266 adulteriis
1351 3215 1376 3266 et
1399 3205 1432 3267 de
1450 3207 1601 3286 pudicitia,
1631 3207 1664 3269 dc

313 3309 436 3379 ambitu,
464 3307 497 3368 de
525 3307 695 3368 maritandis
724 3309 885 3381 ordinibus
913 3307 983 3368 item
1006 3327 1031 3368 c.
1048 3306 1102 3369 89:
1130 3311 1161 3369 in
1187 3307 1347 3370 contuendis
1377 3313 1521 3390 attritasque
1549 3309 1664 3390 linquae

314 3411 477 3474 nectardus
503 3411 575 3472 ratu
602 3430 687 3490 aeque
708 3411 870 3474 sectabatur
892 3431 977 3493 qaam
997 3423 1149 3492 praccepta
1171 3423 1196 3474 et
1218 3412 1349 3491 coempta
1367 3411 1476 3493 publice
1498 3414 1544 3475 oct
1561 3419 1664 3493 prioc-

314 3521 363 3581 tim
390 3515 522 3578 sadobria
547 3533 634 3596 eapte
663 3515 700 3576 ad
726 3516 842 3576 eatam
872 3525 1005 3594 eccerpta
1032 3525 1081 3576 aut
1111 3516 1150 3576 ad
1173 3517 1335 3578 domesticos
1357 3526 1407 3576 cat
1428 3516 1466 3577 ad
1487 3521 1665 3579 cauciacum

311 3623 579 3701 praomaaramque
607 3629 729 3681 rectores
758 3629 808 3681 aut
835 3619 873 3682 ad
899 3621 978 3681 tardis
1007 3623 1191 3699 moqe'atratus
1213 3619 1383 3700 plenamque
1413 3621 1553 3693 mittebat,
1578 3633 1665 3701 proed

314 3728 414 3806 qrttpae
440 3725 591 3785 monitione
617 3724 786 3802 a'ada'perent:
821 3726 906 3784 etiam
937 3723 1023 3784 tidros
1058 3732 1130 3784 totos
1164 3733 1190 3784 et
1216 3724 1330 3784 οοοοωο·
1354 3726 1482 3784 recdaoa't
1511 3733 1537 3784 et
1559 3723 1665 3803 poptdo

313 3838 395 3890 notos
412 3846 466 3908 per
488 3828 608 3888 edictum
629 3844 710 3907 saepe
730 3829 812 3906 fecit,
841 3837 872 3888 ut
893 3831 1036 3888 orationes
1059 3827 1093 3900 Q.
1112 3824 1218 3888 Metello·
1238 3826 1272 3886 de
1291 3825 1372 3905 prole
1392 3827 1522 3906 autpeada
1536 3827 1585 3906 (ct.
1603 3827 1664 3888 [ἰν.

316 3932 384 4012 epit.
401 3933 458 4006 59;
481 3930 590 3992 Gellius
617 3932 643 4004 t,
667 3931 697 4007 6)
726 3939 753 3991 et
774 3930 877 3992 nuceta
903 3933 936 3991 de
958 3930 1040 3990 modo
1062 3929 1271 4010 aedificiorum,
1295 3947 1348 4008 auo
1371 3934 1461 4010 mapis
1479 3932 1666 4010 persuaderet

316 4049 467 4118 atramque
488 4054 551 4098 rem
574 4053 632 4096 aaa
652 4034 688 4097 od
703 4053 731 4096 se
743 4038 837 4114 primo
854 4035 1094 4106 antaaodaersam,
1116 4033 1164 4095 aad
1179 4037 1300 4113 antiquis
1314 4037 1371 4094 tam
1387 4045 1454 4096 tuuc
1469 4053 1555 4096 curae
1568 4036 1664 4114 suisa.

861 4285 1036 4363 uAPvu
1064 4285 1124 4362 IX

379 4471 443 4516 err.
460 4451 489 4526 2,
506 4471 529 4513 ω
560 4453 565 4526 Ι
580 4451 661 4528 [Vota
672 4466 728 4530 pro
740 4451 901 4512 valetudiue
913 4469 976 4512 mea
989 4453 1096 4532 sttscipi
1104 4468 1158 4530 per
1173 4449 1312 4527 corutulds
1326 4456 1356 4509 et
1371 4449 1536 4510 sacerdotes
1548 4453 1665 4538 qu[t'utat

507 4575 532 4616 ro
560 4558 565 4632 Ι
591 4556 708 4636 putoque
738 4572 814 4616 anna
844 4564 957 4616 senatus
985 4555 1112 4616 οοονοοὶε.
1161 4554 1207 4616 uo
1232 4557 1273 4630 iis]
1303 4553 1379 4614 votis
1408 4555 1512 4634 staelpe
1535 4557 1667 4615 fecerunt

506 4679 530 4722 ω
559 4658 623 4719 vivo
653 4654 658 4739 Ι
687 4677 733 4720 me
766 4657 856 4735 [tardos
892 4656 1060 4738 alt'quotieaa
1092 4657 1280 4735 sacerdotutm
1315 4665 1453 4735 quattuor
1486 4656 1667 4737 amplissima

507 4779 533 4824 ω
561 4757 710 4843 οοΠέΙΙΙίο,
733 4761 899 4842 cla'qttotteaa
921 4760 1066 4839 comodat
