3656 5434
314 370 378 435 202
843 363 975 420 vnnsro
996 363 1143 421 111111

313 550 363 606 uio
391 545 496 607 Achaia
522 579 564 587 —-
591 544 707 608 doduni.
751 544 800 606 llle
827 563 895 607 roro
917 545 987 624 quid
1009 545 1078 607 inde
1100 543 1281 625 exsculpsit?
1315 541 1474 620 ἀποικίας
1497 545 1533 610 ἐν
1557 543 1671 632 Λιβύῃ

313 643 448 725 Σικελίᾳ
466 644 661 724 Μακεδονίᾳ
683 645 718 709 ἐν
740 643 911 729 ἑκατέρᾳ
932 671 972 709 τε
991 645 1143 725 Ἱσπανία
1159 643 1277 726 Ἀχαίᾳ
1296 682 1338 693 -
1352 646 1550 731 κατήγαγον,
1572 654 1673 732 itaque

313 759 468 832 postquam
496 762 619 831 utroque
647 759 725 811 recte
755 750 844 812 vertit
873 744 1010 832 ἑκατέρᾳ
1036 751 1168 812 nondum
1199 750 1255 812 sibi
1283 751 1355 813 satis
1384 752 1489 815 fecisse
1517 756 1596 816 risus
1619 775 1673 837 que

313 854 483 934 particulam
507 853 613 914 iterum
638 852 725 914 vertit
746 874 791 914 τε.

414 957 532 1036 ‘ltaque
554 955 610 1018 etsi
632 956 792 1018 detraxeris
816 957 931 1038 siquid
954 961 1030 1019 sorte
1052 958 1088 1020 ab
1110 958 1234 1038 lapicida
1256 967 1387 1021 erratum
1409 959 1463 1034 sit,
1494 961 1549 1022 etsi
1571 960 1672 1022 oonsi-

312 1061 460 1122 deraveris
486 1078 545 1121 uon
575 1077 639 1120 esse
669 1059 838 1122 continuam
865 1061 1079 1136 narrationem,
1111 1063 1141 1123 in
1172 1081 1229 1140 qua
1252 1070 1416 1123 structurae
1439 1062 1620 1125 concinnitas
1642 1073 1673 1125 et

314 1163 487 1226 elocutionis
517 1161 658 1241 elegantia
680 1163 823 1224 ostentari
845 1164 988 1243 potuerit,
1020 1164 1070 1226 sed
1094 1164 1211 1226 brevem
1235 1174 1506 1244 rerumgestarum
1533 1165 1670 1238 iudicem,

312 1266 367 1328 etsi
390 1265 569 1328 concesseris
591 1264 704 1326 lacibus
726 1265 851 1344 aliquem
868 1286 943 1346 quae
957 1268 1020 1348 ipse
1043 1267 1181 1347 cogitavit
1195 1267 1290 1329 verbis
1312 1268 1465 1348 concipere
1480 1288 1566 1348 posse
1581 1288 1671 1348 quam

311 1369 420 1430 alienae
444 1367 569 1430 orationi
591 1387 675 1430 suam
698 1370 886 1432 commodare
907 1371 1047 1450 linguam,
1071 1379 1170 1432 tamen
1193 1380 1251 1432 tam
1269 1371 1359 1432 multa
1382 1383 1453 1434 sunt
1474 1391 1542 1433 cnm
1566 1391 1671 1453 parum

312 1471 459 1550 eleganter
481 1479 544 1532 1111
568 1479 668 1532 eontra
691 1471 837 1533 sermonis
860 1473 961 1534 Graeci
983 1475 1059 1552 leges
1082 1473 1167 1547 dicta,
1191 1482 1225 1535 ut
1248 1473 1423 1535 miraremur
1444 1475 1470 1535 si
1492 1475 1559 1554 quis
1581 1476 1672 1536 Grae·

312 1595 379 1638 curn
403 1575 554 1636 bominem
577 1574 768 1655 interpretem
793 1575 883 1636 luisse
905 1577 1082 1638 contendere
1104 1577 1199 1637 vellet.
1243 1576 1307 1638 Non
1327 1587 1373 1639 est
1397 1577 1489 1639 oratio
1512 1578 1597 1651 baec,
1621 1579 1671 1640 sed

311 1678 469 1740 verborum
503 1677 677 1759 constipatio
704 1682 780 1740 forte
810 1679 932 1740 fortuito
961 1681 1156 1758 undecunque
1184 1689 1402 1761 correptorum,
1432 1699 1493 1742 non
1522 1691 1568 1744 est
1601 1683 1672 1745 baec

311 1801 359 1844 ars
382 1783 431 1843 sed
455 1792 500 1843 est
522 1781 604 1843 rudis
626 1781 731 1842 inertia
753 1781 920 1843 miserrimo
942 1783 1039 1862 aliquo
1062 1782 1201 1862 glossario
1224 1783 1388 1845 misserime
1411 1784 1502 1846 tulta!

412 1885 489 1946 llaec
513 1883 669 1945 llaibelius.
715 1883 848 1945 Hominis
876 1884 964 1946 huius
993 1885 1229 1965 orthographiam
1254 1887 1391 1949 Graecam
1419 1889 1464 1948 rel
1486 1888 1585 1969 potius
1609 1907 1672 1950 ser-

312 1987 409 2050 monis
432 1987 498 2049 vitia
526 1987 662 2067 persequi
692 2005 746 2048 nec
770 2005 868 2048 meum
892 1997 1052 2068 estusque
1076 1989 1197 2050 omniuo
1220 1991 1346 2052 multum
1370 1990 1500 2066 interest,
1528 2009 1671 2072 quasnam

310 2091 389 2168 leges
416 2087 561 2150 eiusmodi
590 2087 717 2167 scriptor
744 2098 863 2151 secutus
892 2091 996 2152 situel
1019 2111 1078 2153 non
1102 2101 1231 2154 secutus.
1276 2093 1372 2154 Pauca
1394 2102 1493 2155 tamen
1515 2093 1670 2156 adnotabo.

355 2214 384 2254 ει
408 2211 461 2272 pro
484 2214 496 2252 ι
518 2191 604 2270 longa
626 2199 661 2252 ut
683 2209 716 2252 ea
738 2201 831 2254 aetate
853 2193 962 2273 passim
985 2195 1140 2275 reperitur,
1164 2197 1203 2256 ita
1227 2198 1307 2257 hunc
1329 2197 1575 2258 commentarium
1598 2197 1672 2259 scri·

311 2293 394 2356 benti
425 2293 641 2374 diphthongum
672 2303 792 2375 apparet
823 2296 982 2375 legitimam
1015 2298 1107 2360 visam
1137 2317 1215 2361 esse:
1250 2300 1389 2362 scribitur
1410 2297 1545 2373 Είόνιος
1570 2303 1619 2374 14,
1642 2301 1671 2363 8.

314 2400 362 2473 15,
388 2399 427 2460 14
450 2432 490 2442 -
506 2395 667 2479 ἐπαρχεία
682 2432 723 2442 -
739 2395 852 2479 λείτρα
869 2400 917 2474 11,
936 2400 974 2462 18
997 2435 1040 2445 -
1061 2404 1211 2485 μείμημα
1233 2402 1298 2474 5,6
1318 2437 1360 2445 -
1375 2400 1531 2484 πολείτης
1545 2438 1588 2446 -
1604 2419 1673 2465 σει·

310 2497 400 2576 τνκός
424 2502 457 2572 9,
484 2500 525 2563 24
553 2510 608 2562 111.
631 2535 672 2544 -
694 2499 804 2584 rorpah,
833 2497 1053 2586 ἅποτείμησις
1079 2539 1121 2549 -
1150 2503 1327 2566 ἐτελείωσα
1351 2503 1398 2578 10,
1422 2502 1462 2565 23
1485 2539 1526 2548 -
1549 2503 1671 2583 χείλιοι

311 2605 405 2668 etsie
431 2605 577 2686 deinceps.

411 2730 430 2791 η
454 2726 508 2787 pro
535 2730 565 2769 sc
593 2707 767 2787 aliquotiens
790 2709 944 2788 reperitur,
966 2716 1001 2770 ut
1022 2705 1194 2792 11Ἄίπης
1217 2710 1265 2784 14,
1290 2710 1368 2771 6-
1395 2706 1519 2794 hovida
1543 2712 1570 2784 1,
1594 2710 1672 2772 3-

311 2809 429 2894 κυριήα
455 2812 503 2885 17,
526 2810 576 2872 22.

410 2933 501 2994 spro
523 2936 542 2995 η
566 2916 711 2995 reperitur
732 2915 763 2975 in
786 2914 933 2976 vocabulis
957 2911 1077 2998 εὕξησα
1100 2916 1128 2988 4,
1146 2914 1165 2976 8
1188 2924 1218 2978 11
1240 2913 1407 2999 ἔπεύξησα
1432 2917 1480 2991 14,
1497 2918 1526 2976 4.

412 3038 427 3078 ε
454 3035 508 3097 pro
535 3038 570 3076 oc
597 3026 765 3078 constanter
788 3027 948 3098 usurpatur
968 3018 999 3080 11
1022 3019 1129 3101 oppda
1152 3018 1292 3082 vocabulo
1317 3021 1366 3094 15,
1391 3019 1441 3081 23.
1464 3020 1512 3092 16,
1531 3019 1596 3082 3.5
1619 3020 1671 3100 (11.

313 3119 361 3193 13,
378 3118 441 3199 21).
480 3118 610 3180 (11111111
633 3120 741 3199 poterit
762 3121 976 3204 σημηαφόρος
992 3121 1071 3184 tituli
1080 3123 1247 3204 Aegyptiaci
1269 3123 1300 3185 C.
1313 3123 1334 3184 l.
1351 3122 1383 3183 L.
1399 3123 1534 3186 1116026
1557 3123 1671 3204 aliaque

310 3223 394 3303 plura
415 3221 607 3283 inveniuntur
628 3223 732 3284 similis
754 3225 935 3303 corruptelae
958 3227 1099 3304 exempla.

411 3345 430 3385 o
451 3343 504 3405 pro
520 3346 552 3386 oc
569 3335 739 3387 constanter
753 3335 913 3406 usurpatur
928 3326 959 3387 in
975 3324 1117 3409 ἐπόησα,
1135 3324 1304 3411 rescriptum
1327 3327 1379 3389 sed
1394 3327 1533 3391 scribitur
1547 3339 1670 3392 ποιεῖν.

410 3427 470 3489 lota
494 3437 612 3490 mutum
627 3428 665 3513 ‚in
687 3429 842 3510 Ancyrano
864 3448 930 3490 raro
954 3429 1110 3504 omittitur,
1133 3439 1168 3492 ut
1189 3431 1218 3493 in
1242 3424 1419 3513 ἑξητήσανο
1445 3431 1494 3505 13,
1519 3430 1573 3506 18ς
1593 3426 1671 3514 ἢτή-

311 3544 410 3593 σανιο
436 3532 555 3605 14,17;
577 3529 819 3615 παρηιησάμην
841 3533 869 3602 3.
893 3535 922 3608 5,
945 3532 1016 3594 item
1039 3534 1069 3594 in
1090 3534 1193 3596 dativis
1208 3529 1317 3617 εἰρήνη
1343 3535 1390 3608 14,
1408 3535 1437 3607 7,
1461 3531 1579 3596 Πάνσα
1595 3536 1623 3608 1,
1639 3536 1670 3609 5,

310 3635 457 3716 σωτηρία
481 3633 530 3708 18,
556 3636 582 3695 1.
627 3634 748 3716 Saepius
771 3635 854 3698 abest
876 3636 906 3696 in
929 3635 1138 3716 Apolloniensi.

411 3757 429 3798 ν
450 3749 516 3799 ante
538 3760 558 3814 γ
580 3760 598 3799 κ
620 3760 640 3817 χ
662 3740 846 3820 frequentius
868 3741 1008 3802 scribitur
1030 3760 1117 3821 quam
1141 3762 1171 3819 γ.
1207 3741 1250 3802 lta
1272 3740 1378 3821 legitur
1400 3735 1493 3816 ἒνγύς
1514 3740 1672 3822 pessimat

309 3834 443 3918 ἦνγισεν
467 3841 515 3914 16,
539 3841 557 3903 8
583 3877 621 3885 -
644 3842 824 3926 κατήνεγκα
846 3845 875 3917 9,
898 3844 938 3905 20
962 3852 1017 3905 oct.
1040 3879 1081 3888 —
1104 3839 1279 3926 σύνκλητος
1302 3862 1419 3925 semper
1439 3878 1481 3888 -
1496 3841 1672 3922 ἐτύγχανον

312 3943 360 4016 15,
384 3942 440 4017 223
475 3945 525 4005 sed
554 3943 641 4005 etiam
670 3966 690 4021 γ
716 3945 748 4007 11
777 3947 883 4008 talibus
910 3946 1020 4028 passim
1044 3948 1197 4027 reperitur,
1221 3955 1254 4009 ut
1277 3944 1477 4024 ἐπαγγελίας
1501 3948 1548 4020 11,
1564 3945 1605 4007 22
1630 3981 1671 3991 -

309 4038 479 4125 ἠνάγκασα
503 4046 551 4122 16,
575 4049 594 4108 4
618 4056 672 4109 cet.
