3656 5444
316 359 359 424 70
902 356 954 424 111,
973 357 1078 414 35-139

415 535 502 599 ilunc
527 536 699 599 laterculum
727 545 861 598 accurate
888 536 939 617 qui
966 537 1116 620 expendit.
1145 536 1292 618 intelleget
1313 535 1440 618 legiones
1464 538 1586 618 Augusti
1609 558 1669 600 nu-

317 661 399 704 mero
421 641 551 722 quinque
572 650 603 703 et
627 640 760 722 viginti¹)
783 660 817 702 ex
840 650 979 720 quattuor
1000 639 1216 720 quodammodo
1239 642 1371 722 partibus
1393 642 1572 724 compositas
1594 662 1668 713 esse,

316 744 444 826 antiquis
467 763 520 817 ιιι,
548 745 667 807 adscitis
696 764 730 807 ex
759 746 888 807 exercitu
910 745 1077 807 Antoniano
1105 746 1149 807 vel
1172 744 1329 827 Lepidianc
1351 765 1394 820 vv,
1422 746 1597 826 conscriptis
1617 766 1672 828 per

316 868 409 910 annos
432 849 493 909 759
516 867 559 928 sq.
583 867 642 922 vnv,
666 849 771 911 additis
794 858 862 930 post
882 848 993 910 cladem
1010 848 1163 911 Varianam
1181 867 1217 936 n.
1255 849 1411 912 Videamus
1433 858 1532 912 autem
1555 850 1591 912 de
1606 850 1670 912 sin-

317 953 391 1033 gulis
413 951 546 1035 pavtibus
569 950 670 1013 ordine
694 953 819 1014 inverso.
982 1017 987 1028 ,

401 1055 421 1116 l.
455 1054 598 1136 Legiones
621 1055 692 1117 duas
714 1055 743 1116 in
765 1054 867 1117 ordine
883 1064 1029 1118 extremas
1045 1075 1093 1118 xxv
1109 1065 1139 1118 et
1154 1074 1223 1130 xxiv,
1247 1065 1394 1138 praeterea
1411 1076 1420 1118 ι
1437 1062 1475 1133 (v.
1492 1079 1519 1138 p.
1537 1057 1577 1120 68
1593 1077 1622 1120 n.
1638 1059 1669 1138 1)

316 1168 383 1241 post
394 1159 505 1221 cladem
514 1158 667 1219 Varianam
680 1159 837 1220 accessisse
849 1159 960 1221 dudum
973 1160 1152 1222 intellectum
1166 1169 1218 1221 est.
1253 1159 1325 1221 Nam
1340 1169 1372 1223 ut
1383 1159 1498 1224 mittam
1510 1181 1669 1224 numerum

315 1265 367 1344 qui
382 1262 597 1326 uicesimarium
621 1271 739 1342 superat
754 1263 851 1342 ipsum
874 1283 908 1324 eo
931 1263 1006 1324 trahi
1028 1283 1122 1344 posse,
1146 1264 1223 1343 quod
1247 1264 1321 1325 duae
1343 1263 1408 1325 illae
1428 1265 1556 1345 legiones
1571 1275 1670 1347 postea

295 1369 437 1434 ‚demum
465 1375 495 1428 et
523 1365 740 1445 quodammodo
767 1375 846 1428 extra
870 1367 1000 1429 ordinem
1024 1367 1213 1440 accesserint,
1236 1387 1310 1446 quae
1333 1368 1369 1429 de
1388 1368 1532 1431 exercitus
1548 1370 1670 1432 Germa-

316 1471 381 1533 niae
411 1467 557 1531 inlevioris
586 1467 749 1548 legionibus
778 1470 885 1550 prima,
913 1470 1029 1550 quinta.
1045 1471 1177 1544 alaudae,
1210 1470 1360 1541 vicesima,
1388 1489 1446 1532 una
1477 1480 1507 1533 et
1536 1471 1671 1534 vicesima

318 1572 421 1635 scribit
447 1571 566 1633 Tacitus
594 1575 672 1646 (ann.
704 1573 730 1644 1,
747 1571 785 1632 31
810 1572 874 1634 coll.
897 1573 988 1636 Dione
1011 1576 1061 1644 57,
1085 1577 1118 1654 5)
1141 1575 1326 1636 caracetulum
1348 1575 1557 1638 multitudinem
1579 1595 1671 1657 nuper

318 1689 380 1740 cete
409 1680 438 1738 in
459 1677 530 1738 crde
553 1675 654 1737 dilectu
676 1675 795 1756 (nempe
817 1689 885 1758 post
906 1679 1017 1740 cladem
1040 1679 1208 1752 Varianam,
1236 1682 1272 1740 cl.
1295 1679 1348 1740 llio
1370 1679 1420 1750 66,
1437 1677 1490 1756 23)
1514 1690 1671 1742 ceteremem

318 1781 406 1843 rudes
433 1783 542 1841 animoa
567 1783 704 1850 tremisse,
736 1798 803 1842 cum
833 1781 965 1860 quintam
993 1782 1137 1861 legionem
1166 1782 1285 1844 alaudae
1314 1792 1343 1843 et
1365 1781 1533 1845 vicesimam
1557 1791 1672 1845 constet

318 1884 439 1946 Variana
462 1882 542 1944 clade
564 1883 725 1944 anteriores
747 1902 821 1958 esse,
844 1885 883 1947 ita
905 1885 1123 1967 interpretanda
1145 1895 1216 1948 sunt
1229 1887 1359 1966 legiones
1374 1904 1477 1948 reeens
1492 1886 1670 1966 conscriptas

319 2007 328 2047 1
353 1995 383 2048 et
405 2004 452 2047 xxi
477 1985 599 2047 traxisse
622 1985 694 2048 duas
717 1985 843 2067 reliquas
865 1997 1024 2050 veteranas.
1059 1989 1147 2070 Legio
1161 1998 1259 2052 autern
1276 2009 1335 2051 xxn
1351 2009 1417 2052 cunr
1434 1989 1593 2052 constituta
1608 2009 1671 2051 esse

320 2109 379 2153 non
402 2089 496 2171 possit
517 2098 585 2150 ante
607 2091 712 2151 iactam
735 2090 879 2168 legionem
903 2111 966 2166 xxc,
996 2095 1098 2156 eodem
1123 2103 1254 2174 ternpore
1284 2094 1355 2156 baec
1376 2111 1493 2173 quoque
1515 2093 1612 2155 addita
1634 2093 1671 2156 sit

321 2214 440 2257 nemeae
480 2202 539 2266 est,
580 2203 650 2274 puta
690 2193 834 2256 militibus
871 2194 1075 2272 Deiotarianis,
1118 2199 1168 2278 qui
1209 2197 1245 2258 ab
1291 2198 1355 2278 ipso
1395 2215 1463 2276 rege
1501 2196 1605 2258 armati
1642 2205 1672 2258 et

320 2296 457 2361 instructi
492 2297 624 2359 Romanu
662 2316 743 2359 more
779 2316 847 2360 curn
885 2318 975 2379 regno
1011 2299 1074 2362 eius
1110 2301 1145 2362 ad
1175 2301 1339 2380 Augustum
1370 2299 1586 2381 pervenissent,
1623 2298 1671 2360 illo

320 2412 465 2483 tempore,
496 2420 554 2480 quo
581 2400 818 2481 quibuscumque
839 2387 940 2465 modis
965 2403 1062 2484 potuit
1084 2405 1181 2485 cupias
1202 2404 1348 2466 Romanas
1369 2403 1519 2486 Augustus
1540 2402 1671 2482 angebat,

320 2505 434 2568 civitate
457 2503 588 2566 Romana
611 2503 725 2567 donatis
747 2505 829 2567 etin
852 2506 973 2586 legionis
995 2511 1119 2569 termam
1142 2507 1276 2568 redactis.

405 2608 439 2669 ll.
474 2607 633 2688 Legionum
657 2627 673 2670 a
689 2608 775 2670 tertia
791 2609 903 2672 decima
918 2610 953 2672 ad
969 2610 1136 2673 vicesimam
1152 2610 1227 2673 ratio
1242 2609 1312 2671 item
1328 2609 1483 2691 peculiaris
1498 2618 1552 2670 est
1590 2607 1670 2670 Nulla

321 2712 349 2774 in
374 2712 419 2774 his
441 2721 496 2784 est,
519 2730 606 2792 quam
631 2710 753 2792 probare
768 2713 864 2794 possis
878 2713 1009 2776 extitisse
1025 2723 1092 2776 ante
1107 2732 1217 2776 annum
1234 2733 1263 2776 u.
1280 2733 1305 2775 c.
1323 2714 1394 2784 759,
1417 2732 1476 2792 quc
1492 2721 1673 2774 memoratur

321 2836 378 2878 una
408 2835 507 2878 earum
535 2816 670 2877 vicesima
698 2817 728 2878 in
752 2816 901 2879 Pannonia
925 2815 1066 2896 stipendia
1089 2835 1205 2878 merens
1227 2817 1311 2895 (Vell.
1327 2816 1356 2886 2,
1374 2816 1457 2895 11·Ζ).
1501 2815 1574 2877 item
1597 2815 1674 2876 inter

320 2919 464 3000 legiones,
493 2937 618 2998 quarum
647 2927 799 2981 veteranos
827 2920 863 2982 ab
885 2921 1017 2999 Augusto
1039 2919 1069 2980 in
1097 2919 1225 2982 colonias
1252 2920 1392 2982 deductos
1414 2938 1478 2980 esse
1500 2927 1672 2980 constater

321 3023 462 3096 nummis,
489 3041 557 3084 mcx
585 3021 749 3084 videbimus
778 3024 895 3086 nullam.
916 3042 980 3085 esse
1002 3041 1076 3102 quae
1098 3041 1255 3085 numerum
1278 3031 1475 3106 nuncuparem
1498 3021 1575 3103 quod
1598 3042 1673 3102 quo-

321 3126 409 3189 modo
443 3125 505 3187 fieri
538 3124 680 3207 potuerit,
714 3145 773 3187 non
806 3127 999 3206 intellegitur,
1033 3125 1058 3188 si
1090 3146 1156 3189 vere
1185 3129 1334 3207 Augustus
1363 3146 1416 3207 per
1444 3126 1552 3188 multos
1580 3144 1672 3187 annos

321 3228 424 3292 babuit
454 3229 583 3310 legiones
610 3230 646 3291 ad
674 3248 831 3292 numerum
862 3230 1092 3305 uicesimarium,
1126 3231 1208 3292 facile
1236 3239 1334 3291 autem
1362 3228 1535 3310 explicatur,
1570 3228 1594 3290 si
1622 3248 1673 3290 ex·
1714 3311 1716 3314 Ι

323 3343 416 3396 treme
433 3333 553 3395 demum
576 3341 707 3414 tempore
729 3351 831 3414 eoque,
854 3353 912 3412 quc
932 3333 979 3395 vix
1001 3334 1130 3397 colonias
1152 3335 1224 3397 ullas
1248 3331 1377 3400 deduxit,
1399 3332 1527 3413 legiones
1550 3352 1566 3392 a
1589 3331 1673 3394 tertia

323 3435 435 3498 decima
463 3436 499 3498 ad
526 3435 694 3499 vicesimam
718 3435 847 3500 adscivit.
892 3436 1023 3517 lienique
1045 3437 1162 3500 numeri
1185 3435 1334 3517 legionarii
1357 3435 1582 3516 geminationem
1605 3455 1673 3498 cunr

322 3541 392 3602 item
425 3539 500 3601 inira
529 3539 762 3604 demonstratum
794 3540 834 3603 sit
859 3540 1033 3620 antiquioris
1063 3541 1183 3622 originis
1211 3539 1353 3602 indicium
1383 3539 1538 3620 praebere,
1571 3539 1672 3602 eodem

424 3765 444 3828 ¹)
463 3763 526 3816 llum
545 3779 675 3816 nnmerum
694 3772 720 3817 et
737 3764 843 3817 Tacitus
861 3766 928 3828 (ann.
948 3764 1027 3832 4,23)
1045 3765 1127 3816 tradit
1145 3764 1175 3815 ad
1194 3779 1216 3814 a.
1236 3762 1268 3812 23
1288 3769 1313 3812 et
1331 3760 1378 3812 llic
1398 3761 1440 3828 bb,
1453 3761 1499 3812 23:
1519 3765 1577 3832 τρία
1595 3759 1623 3814 dl
1641 3757 1673 3827 δὴ

322 3849 382 3905 τότε
404 3846 572 3922 στρατόπεδα
596 3843 611 3916 ἢ
635 3845 671 3908 ὥς
694 3867 724 3919 γε
746 3849 832 3923 ἕτεροι
851 3850 962 3919 λέγουσι
981 3851 1063 3902 πέντε
1080 3850 1127 3902 καὶ
1145 3851 1230 3902 alacer
1251 3844 1374 3900 πολιτικὰ
1391 3845 1525 3918 ἐτρέφετο.
1563 3848 1674 3900 Priorem

324 3953 452 3990 nnmerum
472 3935 651 3989 Groteiendins
670 3935 828 4004 (Zcitrelnisl
845 3937 893 4003 fiir
904 3935 1241 4002 Altertlunearm‘uensedust
1262 3935 1326 3986 teto
1344 3951 1367 4002 p.
1380 3935 1442 4002 659)
1459 3935 1496 3986 ita
1509 3933 1630 3998 defendit,
1647 3941 1675 3985 ut

324 4021 421 4076 referat
438 4024 469 4074 ad
488 4023 602 4089 legiones
620 4023 687 4074 eladi
705 4023 834 4074 Varianae
853 4023 1015 4090 superstites,
1034 4020 1144 4075 fortasse
1163 4029 1247 4086 vecte;
1266 4022 1292 4073 id
1310 4023 1333 4073 ai
1347 4038 1435 4073 verum
1448 4030 1496 4086 eat,
1514 4023 1594 4089 prima
1607 4021 1673 4085 legio

324 4117 490 4163 exauctorata
501 4118 527 4161 et
538 4125 596 4160 mox
609 4110 730 4161 restituta
744 4109 835 4177 etipsa
848 4125 950 4160 numero
963 4108 1190 4176 comprehenditur.
1215 4089 1333 4160 Ceterum
1346 4108 1410 4174 qnod
1421 4108 1466 4160 llio
1479 4109 1526 4159 boe
1536 4108 1593 4160 loco
1603 4108 1675 4159 allent

324 4213 469 4264 quamquam
492 4199 527 4249 ibi
551 4197 708 4265 potissimum
731 4197 834 4248 videtur
856 4197 1038 4260 collocavisse,
1061 4196 1126 4262 quod
1147 4196 1250 4246 annales
1272 4195 1400 4262 pleniores
1421 4195 1549 4262 legionum
1572 4202 1675 4263 propter

325 4284 419 4335 bellum
438 4283 607 4336 Pannonicum
626 4284 823 4351 conscriptarum
843 4283 911 4336 circa
929 4285 990 4335 baec
1003 4290 1116 4350 tempora
1129 4282 1305 4346 meminerunt,
1322 4297 1378 4332 cum
1391 4283 1538 4333 universam
1549 4281 1674 4347 legionum

324 4372 457 4422 historiam
482 4387 537 4422 cunr
559 4373 607 4422 boc
629 4369 685 4423 luco
709 4371 827 4438 persequi
850 4379 985 4438 appareat,
1010 4386 1038 4422 aa
1057 4385 1155 4438 quoqne
1172 4383 1235 4436 quae
1253 4369 1283 4421 de
1302 4368 1412 4434 Augusti
1430 4367 1574 4434 legionibus
1592 4368 1675 4430 babet,

326 4475 372 4508 uon
393 4464 463 4510 recte
481 4474 494 4508 a
514 4458 624 4510 lieberto
641 4457 711 4523 (vide
729 4475 752 4526 p.
764 4457 795 4509 'ld
808 4465 859 4510 not.
873 4459 896 4520 l)
915 4458 952 4509 ita
968 4458 1136 4525 accipinutur,
1154 4457 1227 4524 qnasi
1243 4471 1273 4508 ea
1292 4457 1375 4508 omnia
1391 4462 1482 4507 auctor
1499 4471 1529 4507 eo
1542 4455 1598 4522 ipso
1611 4470 1675 4506 anne

325 4544 362 4596 ita
381 4544 497 4596 ordinata
517 4545 597 4596 luisse
610 4545 753 4612 eoueondag
773 4545 816 4598 sed
829 4545 947 4613 quidquid
961 4546 991 4596 de
1004 4545 1116 4610 Augusti
1127 4543 1257 4595 institutis
1269 4543 1421 4609 legionariis
1434 4539 1541 4609 profert,
1558 4541 1676 4592 hocloco

325 4631 521 4697 conprehendit.
550 4629 636 4698 ltaque
655 4632 677 4684 si
697 4639 766 4683 recte
785 4631 884 4683 conieci
902 4647 958 4682 enm
977 4631 1043 4682 inter
1057 4630 1172 4696 legiones
1185 4631 1311 4696 Augustas
1324 4644 1456 4682 numerare
1467 4644 1520 4680 aava
1532 4627 1677 4680 Deiotaria-

327 4733 382 4770 natn
394 4718 474 4782 magis
487 4733 559 4785 qnam
572 4719 758 4788 primigeniam,
770 4719 794 4770 id
807 4719 872 4785 qnod
885 4725 913 4769 et
921 4716 1033 4768 lieberto
1046 4726 1072 4769 et
1082 4717 1143 4770 aliis
1152 4717 1258 4785 probavi
1269 4716 1312 4774 (ci.
1323 4715 1471 4784 llarquardt
1479 4715 1640 4767 Stentsnerm.
1653 4713 1677 4778 2,

325 4807 395 4871 tte),
413 4806 471 4857 inde
491 4820 643 4872 nequaquam
663 4807 787 4872 sequitur,
805 4813 833 4856 ut
851 4812 939 4857 censet
956 4803 1091 4871 liebertus,
1110 4820 1164 4856 caan
1184 4803 1308 4871 legionem
1326 4805 1374 4856 ianr
1390 4817 1413 4854 a.
1427 4802 1477 4854 758
1497 4801 1639 4854 excutiare.
