3730 5434
786 413 895 480 Π,12

165 594 293 674 legitime
316 604 345 655 et
367 602 519 675 propterea
542 612 606 654 eam
630 592 819 655 adlectionem
842 594 1007 673 Augustum
1031 593 1060 655 in
1082 593 1178 656 indice
1200 595 1430 675 praetermisisse
1453 615 1512 658 non

165 698 309 778 probabit,
331 699 381 778 qui
403 697 602 779 gravissimam
619 716 718 759 rerum
733 696 985 779 interpolationem
1001 697 1078 779 apud
1094 697 1216 762 Dionem
1232 708 1309 762 recte
1324 699 1512 781 perspexerit.

202 1001 266 1042 nur.
282 981 311 1056 2,
333 1001 342 1043 t
368 999 382 1042 a
410 981 559 1063 Senaltum
583 989 628 1041 ter
649 980 715 1059 legi.

250 1105 294 1146 cn.
312 1087 340 1157 4,
358 1103 383 1146 to
408 1083 490 1166 [Τήν
510 1080 699 1166 σύ]νκλητον
720 1081 791 1165 τρὶς
813 1081 930 1155 distis}
955 1129 961 1145 .
984 1088 1002 1158 §

166 1216 314 1294 Augustus
347 1234 415 1276 cum
449 1215 557 1276 scribat
588 1223 722 1275 senatum
757 1233 788 1275 se
818 1214 921 1294 legisse
951 1222 996 1276 ter
1021 1213 1105 1274 annis
1131 1232 1190 1275 non
1219 1213 1385 1294 adscriptis,
1414 1234 1512 1277 rerum

166 1320 323 1400 scriptores
353 1319 388 1378 de
416 1327 534 1380 senatus
560 1317 735 1379 lectionibus
763 1317 799 1378 ab
820 1318 952 1397 Augusto
980 1316 1123 1379 institutis
1150 1318 1220 1379 baec
1246 1316 1362 1379 babent.
1408 1319 1515 1381 Sueto-

167 1421 235 1482 nius
267 1421 339 1499 dug.
367 1419 423 1480 35:
461 1430 625 1481 secutorum
659 1421 827 1500 assistentem
858 1441 1012 1483 ramerum
1045 1422 1169 1500 desciret
1198 1431 1222 1482 et
1254 1423 1399 1483 incondita
1430 1424 1515 1484 turba

166 1523 262 1606 (erant
289 1528 364 1586 eoiru
391 1543 478 1603 saper
504 1523 581 1585 mille
607 1534 633 1585 et
660 1524 776 1604 puidam
811 1525 999 1606 iodiprsissimi
1030 1534 1055 1586 et
1085 1535 1149 1605 post
1181 1543 1273 1587 recem
1302 1523 1431 1587 Caesaris
1463 1544 1516 1607 per

164 1633 288 1709 pristiam
309 1637 334 1689 ei
356 1631 514 1706 praemium
535 1626 644 1700 adiecti,
666 1644 735 1708 quos
756 1631 864 1690 orcicos
889 1629 991 1708 culpus
1012 1626 1142 1708 vocabat)
1165 1628 1203 1689 ad
1229 1629 1344 1690 modam
1362 1631 1515 1710 pristinum

166 1743 193 1792 et
214 1731 390 1812 splendorem
411 1731 516 1810 radepit
538 1733 647 1793 drudus
667 1732 837 1804 lectionibus,
856 1737 953 1811 prima
972 1735 1099 1812 pisorum
1119 1731 1269 1802 arbitratu,
1292 1749 1346 1812 pao
1361 1735 1407 1794 uir
1421 1736 1515 1793 ciram

168 1835 241 1916 lepit,
264 1835 390 1897 secuodu
411 1851 462 1894 suo
483 1845 509 1895 et
527 1835 672 1915 Aprippae,
695 1853 750 1915 pao
772 1845 893 1914 tempore
915 1837 1096 1897 eaistimotur
1117 1835 1208 1896 lorica
1228 1835 1280 1896 sab
1302 1845 1376 1896 ceste
1390 1839 1516 1896 mttaitus

166 1940 300 2018 ferroque
321 1942 427 1998 mactus
444 1939 628 2015 praesedisse,
650 1940 743 1999 ‹bcem
765 1931 962 2000 calentissimis
990 1940 1128 2000 senatorii
1154 1936 1263 1998 ordinis
1291 1941 1388 1999 amicis
1415 1937 1516 1999 sellam

167 2060 249 2102 saara
275 2041 529 2101 circumstantibus.
588 2039 698 2102 Cordus
731 2039 892 2102 Cremutius
920 2041 1016 2104 scribit
1051 2061 1086 2102 rte
1119 2040 1274 2102 admissum
1306 2041 1417 2119 paridem
1448 2051 1517 2102 tuac

168 2163 336 2226 quemquam
357 2153 522 2205 senatoriam
544 2146 602 2204 uici
621 2144 713 2205 solum
728 2153 753 2204 et
765 2155 971 2224 praetemptato
985 2149 1059 2206 siau.
1089 2142 1199 2204 Ibidem
1216 2161 1240 2202 c.
1254 2142 1308 2203 37:
1330 2162 1406 2205 aava
1420 2145 1516 2224 ospicia

167 2250 334 2328 excapitavit
434 2249 649 2308 tmumvr'ratcm
676 2247 787 2326 lopardi
810 2259 924 2309 senatus
950 2257 977 2309 et
1002 2247 1125 2308 aiteram
1158 2247 1374 2326 recopaosceadi
1403 2258 1514 2308 turmas

169 2355 302 2432 epa'tsm,
326 2353 504 2431 pacatioresque
526 2368 596 2430 opas
617 2361 693 2412 esset.
738 2349 860 2410 Uberior
886 2351 969 2428 longe
997 2349 1125 2410 narratio
1154 2359 1201 2411 est
1227 2349 1337 2410 [lionis.
1381 2349 1513 2411 Primum

168 2453 232 2532 (52,
248 2453 289 2512 42
312 2453 413 2525 cass,
432 2455 461 2528 1)
484 2471 638 2514 censuram
661 2473 685 2513 a.
703 2452 764 2513 725
786 2461 816 2514 et
838 2453 899 2513 726
923 2471 1061 2514 enarrans
1083 2455 1172 2514 raiert
1193 2472 1228 2512 ex
1250 2453 1443 2525 senatoribus,
1465 2453 1516 2532 qui

168 2576 257 2635 super
286 2555 363 2618 mille
396 2565 457 2617 tum
491 2566 590 2618 essent
617 2556 743 2635 indignis
772 2556 872 2617 multis
900 2575 952 2635 per
980 2556 1052 2618 bella
1080 2556 1172 2618 civilia
1192 2557 1370 2636 adsumptis,
1403 2567 1517 2636 praeter

170 2679 205 2719 nx
227 2660 277 2738 qui
300 2669 404 2739 sponte
419 2659 584 2732 cessissent,
608 2660 731 2721 aliorum
748 2679 811 2733 cru,
834 2659 883 2738 qui
900 2660 991 2720 coacti
1006 2660 1083 2720 idem
1099 2661 1245 2734 iecissent,
1269 2659 1387 2721 nomina
1402 2660 1515 2739 publice

170 2763 316 2842 proposita
344 2781 417 2823 esse.
469 2763 578 2824 Deinde
605 2763 641 2824 ad
671 2783 696 2824 a.
717 2763 778 2824 736
806 2764 869 2840 (54,
895 2762 942 2823 13.
969 2763 1020 2842 14)
1047 2773 1182 2825 senatum
1213 2767 1339 2844 primum
1377 2762 1516 2824 electione

169 2866 292 2944 quadam
320 2876 349 2927 et
376 2865 541 2938 sortitione,
569 2867 674 2927 deinde
704 2885 773 2928 cum
800 2885 849 2926 eae
877 2884 980 2945 parurn
1011 2867 1216 2947 procederent,
1247 2868 1312 2948 ipso
1340 2867 1452 2946 legente
1480 2867 1515 2926 ad

169 2979 369 3030 sescentorum
407 2987 563 3030 numerum
602 2972 752 3031 redactum
790 2967 895 3048 esse1).
953 2968 1086 3031 'l'ertium
1125 2977 1257 3031 senatum
1303 2971 1411 3031 lectum
1453 2988 1516 3030 esse

168 3093 193 3132 a.
210 3071 270 3132 743
287 3073 349 3150 (54,
365 3071 428 3150 35),
455 3082 593 3152 quartum
621 3093 646 3134 a.
669 3074 729 3134 757
758 3091 810 3152 per
837 3071 991 3134 tresviros:
1024 3071 1193 3147 διαλέξαι,
1221 3072 1274 3134 Dio
1302 3073 1342 3134 ait
1369 3073 1431 3151 (55,
1456 3073 1515 3152 13),

168 3173 226 3257 τήν
251 3177 426 3256 γερουσίαν
453 3169 555 3249 αὖθις
582 3169 744 3258 ἠθέλησε·
767 3175 823 3237 καὶ
849 3174 929 3239 δέκα
958 3175 1135 3259 βουλευτὰς
1166 3171 1223 3249 οὓς
1248 3173 1393 3258 μάλιστα
1422 3173 1518 3256 ἐτίμα

169 3275 416 3360 προβαλόμενος
438 3288 525 3360 τρεῖς
547 3273 604 3341 ἀπ’
626 3275 734 3342 αὐτῶν
755 3277 926 3354 ἐξεταστὰς
949 3277 1134 3355 ἀπέδειξεν,
1158 3275 1214 3353 οὓς
1234 3275 1251 3342 ὅ
1272 3276 1389 3363 κλῆρος
1404 3276 1518 3341 εἵλετο.

168 3381 209 3442 lta
232 3380 285 3442 uio
312 3401 429 3462 quoque
457 3383 553 3444 tenuit
575 3392 694 3444 senatus
716 3384 870 3446 lectionem
892 3385 954 3464 lege
977 3385 1091 3464 publica
1113 3394 1225 3463 partem
1248 3383 1339 3444 luisse
1360 3401 1518 3456 censurae;

167 3503 235 3545 nam
267 3493 327 3546 tres
356 3504 462 3546 census
491 3505 565 3564 quos
594 3487 696 3548 statuit
721 3487 769 3565 (de
803 3486 910 3566 quibus
938 3487 1048 3550 dictum
1076 3496 1121 3548 est
1148 3507 1176 3567 p.
1193 3486 1245 3562 36)
1274 3505 1419 3548 annorum
1447 3486 1518 3548 726.

168 3587 239 3648 735.
264 3588 323 3648 743
353 3597 451 3667 aperte
478 3589 627 3651 coniuncti
655 3598 726 3651 sunt
758 3609 825 3652 curn
855 3591 1028 3652 lectionibus
1056 3600 1176 3653 senatus
1206 3610 1231 3652 a.
1248 3589 1320 3651 726.
1344 3589 1414 3651 736.
1439 3590 1517 3664 743;

168 3691 204 3752 ad
231 3701 364 3770 quartam
396 3710 464 3752 vcro
493 3711 561 3754 cum
590 3694 710 3754 adnotet
737 3701 800 3755 tum
829 3713 950 3756 censum
982 3694 1096 3756 nullum
1125 3702 1223 3756 actum
1254 3712 1333 3767 esse,
1363 3712 1427 3755 eam
1458 3711 1518 3753 non
1567 3715 1568 3720 ¹

171 3795 295 3856 obscure
318 3794 460 3874 significat
481 3796 740 3858 extraordinariam
767 3797 868 3859 fuisse.
911 3799 954 3858 sd
983 3797 1076 3878 ipsam
1106 3816 1168 3858 rem
1195 3797 1275 3876 quod
1303 3796 1416 3870 attinet,
1444 3814 1519 3874 quae

168 3899 204 3960 de
226 3897 349 3959 lectione
371 3917 396 3959 a.
414 3897 507 3967 'tissa
531 3907 655 3980 uterque
677 3909 780 3962 auctor
801 3900 889 3963 habet
911 3901 991 3979 (nam
1015 3899 1149 3963 Suetonii
1170 3919 1195 3961 c.
1212 3900 1252 3961 35
1276 3900 1313 3961 ad
1340 3900 1415 3961 hauc
1442 3901 1519 3960 rele-

170 4001 292 4064 rcndum
322 4020 386 4062 esse
413 4010 492 4081 patet
519 4002 623 4064 collato
650 4003 764 4081 Dione),
792 4003 883 4085 proba
910 4013 939 4065 et
966 4004 1023 4065 lida
1050 4003 1188 4065 videntur
1217 4021 1297 4078 esse3
1328 4023 1344 4064 e
1372 4001 1518 4064 contrario

167 4104 252 4167 lectio
274 4124 300 4166 a.
317 4103 378 4166 743
402 4105 490 4166 verbo
514 4114 627 4167 tanturn
650 4126 666 4168 a
688 4106 780 4168 Dione
803 4115 1030 4169 commemorata
1058 4106 1157 4168 ficticii
1186 4125 1292 4168 census
1321 4125 1388 4188 pars
1417 4115 1463 4168 est
1490 4113 1520 4166 et

168 4227 234 4271 oum
258 4229 292 4270 eo
314 4209 450 4270 concidit.
493 4210 532 4270 At
553 4229 627 4288 quae
648 4210 683 4271 ad
706 4231 732 4272 a.
749 4211 810 4272 736
832 4219 862 4272 et
883 4211 945 4271 757
967 4231 983 4271 a
1004 4209 1097 4270 Dione
1112 4219 1277 4284 narrantur,
1301 4220 1360 4271 eta
1377 4209 1518 4270 Suetonio

167 4313 350 4394 aliquatenus
373 4313 586 4374 confirmantur
608 4312 688 4393 (nam
714 4313 915 4376 triumviratus
938 4322 1057 4375 senatus
1079 4313 1193 4392 legendi
1215 4313 1335 4393 respicit
1350 4311 1413 4373 sine
1429 4311 1518 4374 dubio

168 4418 203 4478 ad
225 4415 421 4479 narrationem
452 4417 623 4494 secundam)
652 4427 682 4479 et
710 4417 772 4499 ipsa
806 4419 845 4480 ita
878 4425 1044 4499 comparata
1079 4425 1158 4491 sunt,
1192 4425 1226 4478 ut
1258 4435 1311 4498 pro
1344 4414 1519 4478 commentis

267 4675 288 4740 ¹)
306 4673 377 4740 Quod
400 4675 490 4726 deinde
507 4690 530 4725 a.
543 4674 590 4724 741
611 4674 741 4739 Angustus
759 4691 844 4727 curam
863 4677 931 4741 egit,
954 4675 1132 4726 adulescentes
1154 4675 1230 4725 rebus
1248 4675 1301 4742 apti
1319 4683 1346 4726 et
1363 4675 1519 4726 senatorium

169 4763 268 4813 clavum
286 4761 408 4812 babentes
431 4763 457 4812 iu
482 4761 577 4812 curiam
600 4761 714 4813 adscribi
738 4779 768 4813 oe
791 4770 940 4813 recusarent
961 4763 1014 4827 (54,
1032 4761 1085 4826 26),
1109 4775 1154 4827 pro
1177 4775 1285 4812 recenso
1308 4768 1411 4812 senatus
1435 4761 1518 4826 accipi

171 4865 218 4899 non
237 4847 318 4900 debet.

1323 4930 1360 4987 32
