3656 5434
494 1598 715 1682 GRAECI
751 1597 1004 1680 HOMINIS
1038 1597 1541 1680 auuluAMuN'rvtt.

442 1909 581 1989 Sequitur
603 1908 731 1970 clausula
754 1927 814 1968 nou
836 1911 964 1987 prolecta
987 1907 1023 1968 ab
1039 1910 1170 1988 Augusto
1188 1907 1262 1968 male
1278 1907 1385 1988 scripta
1402 1908 1579 1970 anuarino
1601 1929 1691 1988 quam

341 2016 448 2076 Graece
475 2024 504 2075 et
526 2022 699 2092 argumento
722 2011 817 2084 exilis,
846 2030 913 2072 nam
937 2031 972 2072 ex
995 2011 1082 2073 rebus
1105 2011 1193 2091 gestis
1215 2011 1288 2072 tanti
1310 2010 1364 2071 viri
1387 2030 1445 2072 non
1469 2013 1694 2091 comprehendit

340 2118 396 2179 nisi
428 2119 464 2180 de
492 2137 546 2178 suo
573 2133 646 2196 quae
673 2115 799 2194 erogarit
826 2115 856 2175 in
885 2115 1013 2176 aedificia
1041 2115 1126 2176 ludos
1154 2114 1340 2186 donationes,
1374 2123 1523 2194 tamquam
1553 2117 1694 2178 duumvir

339 2221 468 2302 oppiduli
497 2221 619 2282 alicuius
645 2220 794 2298 Augustus
816 2219 934 2292 luisset,
965 2239 1025 2280 non
1053 2219 1211 2300 imperator
1234 2219 1333 2299 populi
1356 2218 1490 2280 Romani.
1534 2220 1628 2293 Quam
1652 2221 1692 2281 ob

339 2343 402 2386 rem
435 2325 486 2404 qui
518 2324 708 2405 appendicem
741 2323 817 2384 hanc
849 2322 883 2384 ad
915 2324 1063 2385 Tiberium
1091 2327 1237 2394 referunt,
1271 2323 1384 2402 egregie
1414 2322 1570 2398 falluntur3
1598 2324 1692 2385 immo

339 2428 440 2489 Graeci
463 2427 589 2489 hominis
612 2446 676 2489 esse
698 2425 827 2488 ostendit
850 2425 975 2487 maxime
998 2425 1157 2506 deqariaria
1180 2425 1254 2486 ratio
1277 2427 1365 2486 etiam
1381 2428 1412 2488 iu
1427 2427 1539 2488 Latinis
1554 2427 1691 2498 admissa,

339 2551 406 2593 curn
429 2531 460 2591 in
483 2530 643 2622 maioribus
666 2529 790 2590 summis
813 2529 895 2608 (narn
915 2529 945 2590 in
968 2529 1131 2590 minoribus
1154 2529 1241 2590 etiam
1264 2529 1414 2609 Augustus
1437 2531 1572 2592 denarios
1594 2533 1693 2612 posuit
1786 2503 1787 2522 ฮง

245 2709 248 2717 4
339 2634 368 2708 3,
392 2633 440 2695 16.
464 2633 518 2714 20)
541 2631 748 2694 sestertiariam
771 2633 901 2712 requirat
920 2631 1051 2694 Romana
1074 2632 1255 2694 consuetudo
1277 2631 1314 2694 ab
1336 2632 1399 2713 ipso
1421 2635 1553 2713 Augusto
1575 2653 1692 2715 semper

339 2737 500 2799 observata.
538 2736 688 2797 Praeterea
712 2753 809 2795 sermo
824 2755 884 2796 uon
899 2737 995 2797 solum
1012 2737 1104 2797 multo
1129 2736 1226 2796 minus
1249 2735 1364 2815 elegans
1386 2746 1431 2799 est
1452 2747 1482 2799 et
1497 2738 1595 2799 minus
1612 2737 1692 2800 tati-

339 2859 395 2901 nus
417 2859 505 2920 quam
529 2839 622 2920 ipsius
644 2837 856 2911 commentarii,
879 2837 983 2899 utlaio
1005 2849 1076 2900 sunt
1096 2840 1252 2917 spectaculo
1274 2839 1303 2914 6,
1327 2839 1367 2902 39
1389 2860 1443 2921 pro
1464 2841 1541 2903 ludis
1564 2851 1594 2903 et
1614 2862 1691 2904 ouu-

338 2944 449 3006 moclu'o
478 2944 507 3017 6,
523 2944 563 3004 40
591 2961 644 3022 pro
674 2961 709 3004 eo
737 2942 814 3023 quod
837 2943 988 3021 Augustus
1011 2942 1082 3004 dixit
1104 2943 1132 3016 4,
1155 2943 1193 3004 43
1216 2943 1329 3005 reovalis
1348 2943 1441 3024 proeli
1460 2947 1647 3025 spectaculum
1657 2945 1690 3024 ยน),

339 3047 464 3126 danique
495 3046 525 3107 in
552 3049 664 3107 camard
686 3045 715 3119 6,
738 3046 779 3107 29
808 3064 880 3126 apex
902 3064 1055 3126 perperam
1078 3046 1208 3126 positum
1236 3046 1397 3108 sedetiam
1420 3047 1596 3126 quibusdam
1619 3047 1690 3108 locis

339 3151 401 3212 hiat
422 3159 452 3212 et
474 3149 521 3211 vix
544 3149 614 3210 satis
637 3149 823 3228 intellegitur.
861 3148 991 3228 llenique
1014 3167 1080 3209 cuin
1104 3169 1179 3229 quae
1202 3149 1232 3212 in
1255 3149 1415 3230 appendice
1437 3151 1575 3228 leguntur
1596 3152 1691 3232 plera-

339 3273 395 3332 que
417 3253 447 3314 in
469 3253 533 3334 ipso
556 3252 766 3314 commentario
789 3252 910 3313 redeant
931 3252 1095 3314 accuratius
1117 3253 1290 3333 pleniusque
1306 3254 1390 3334 longe
1405 3255 1574 3334 perscripta,
1598 3273 1689 3316 unum

338 3357 416 3436 quod
449 3356 480 3417 in
513 3375 545 3418 ea
573 3359 698 3419 refertur
725 3355 761 3416 ab
791 3357 924 3436 Augusto
952 3355 1209 3435 praetermissum,
1237 3376 1343 3437 nempe
1371 3357 1452 3418 locus
1479 3358 1514 3418 de
1541 3358 1626 3420 donis
1654 3359 1691 3418 ab

338 3462 470 3540 Augusto
493 3460 567 3521 datis
590 3460 755 3522 civitatibus
777 3459 964 3541 privatisque,
987 3478 1166 3538 quamquam
1189 3459 1276 3522 etiam
1292 3461 1390 3522 ltaliae
1413 3470 1639 3541 senatorumque
1661 3463 1690 3523 in

339 3583 373 3625 eo
402 3563 511 3625 mentio
535 3564 580 3638 tit,
609 3563 813 3644 provincialem
844 3571 993 3624 auctorem
1016 3582 1051 3624 eo
1072 3563 1185 3643 prodit,
1213 3564 1291 3643 quod
1313 3563 1498 3626 liberalitates
1520 3565 1638 3626 collatae
1660 3566 1690 3626 in

339 3667 444 3747 oppida
467 3667 681 3747 provinciarum
709 3675 802 3728 terrae
833 3675 916 3727 motu
943 3666 1068 3744 collapsa
1097 3665 1204 3726 diserte
1227 3666 1266 3726 ibi
1289 3667 1490 3729 enuntiantur.
1534 3667 1619 3740 Quod
1641 3669 1690 3748 qui

338 3789 447 3851 ponere
475 3771 575 3844 vellet,
608 3790 676 3833 eum
704 3789 741 3831 ne
768 3769 816 3830 illa
846 3769 965 3848 quidem
987 3778 1065 3829 reete
1088 3769 1245 3850 praeterire
1267 3770 1398 3850 potuisse
1420 3781 1547 3851 apparet
1592 3772 1690 3851 ltaque

339 3874 411 3936 haec
433 3874 555 3937 veniunt
577 3883 628 3935 aut
649 3873 685 3935 ab
707 3874 876 3954 interprete,
899 3872 947 3934 eui
969 3872 1080 3952 legatus
1101 3871 1265 3952 provinciae
1280 3873 1405 3935 Galatiae
1420 3875 1568 3954 exemplar
1591 3873 1690 3936 Latine

339 3978 511 4039 vertendum
540 3977 672 4050 tradidit,
704 3989 737 4039 ut
763 3975 886 4038 indicem
917 3993 1017 4036 rerum
1045 3984 1191 4055 gestarum
1223 3975 1280 4037 divi
1302 3977 1425 4055 Augusti
1446 3987 1570 4056 utraque
1594 3976 1690 4056 lingua

340 4080 455 4162 publice
477 4080 699 4160 proponendum
722 4099 789 4141 eum
813 4079 979 4141 civitatibus
1001 4079 1165 4159 provinciae
1188 4099 1258 4141 suae
1280 4081 1520 4152 communicaret,
1548 4091 1599 4142 aut
1620 4082 1690 4142 adeo

340 4184 450 4246 adiecta
477 4191 547 4244 sunt
570 4203 585 4244 a
609 4184 824 4263 magistratibus
846 4182 1015 4264 Ancyrauis.
1038 4219 1080 4228 -
1102 4182 1191 4245 Nobis
1213 4183 1358 4264 appendix
1380 4202 1417 4243 ne
1439 4203 1474 4244 eo
1496 4183 1614 4262 quidem
1638 4204 1690 4244 no-

342 4286 420 4350 mine
442 4287 571 4367 prodest,
594 4287 671 4366 quod
694 4287 791 4348 hiatus
813 4286 1016 4348 commentarii
1040 4287 1150 4368 explet3
1173 4305 1241 4347 nam
1261 4305 1337 4366 quae
1352 4286 1399 4347 hic
1413 4287 1559 4365 leguntur,
1582 4286 1611 4346 in
1627 4287 1690 4366 ipso

341 4390 438 4453 omnia
460 4389 531 4452 item
555 4400 724 4470 supersunt.

441 4632 460 4694 ยน)
479 4630 585 4682 Addidit
602 4631 726 4695 Bergliius
746 4647 768 4696 p.
787 4631 802 4681 9
821 4632 949 4682 theutrum
970 4631 1076 4699 Pompei
1093 4631 1118 4696 6,
1131 4633 1173 4697 37,
1192 4648 1246 4682 cum
1266 4633 1415 4700 Pompeium
1433 4631 1468 4681 sit
1486 4631 1512 4694 d,
1525 4632 1549 4680 9.
