3656 5444
308 405 371 468 112
903 397 937 466 v,
956 399 1059 454 ro-st

304 581 336 643 ld
367 589 412 643 est
436 578 611 659 [Βασιλεὺς
634 574 859 661 Ἀρταβάσδης
886 575 1008 660 ἔζησαν
1040 575 1237 659 ἐνιαυτ(οὐς)
1269 575 1335 641 132
1380 579 1462 658 [Reor]
1485 579 1670 646 ‚Artobosdes

305 685 400 766 [fidolus
428 687 502 764 repis
524 683 728 746 Ariobarzanis
756 684 848 760 [oimlt
876 700 968 744 onnes
990 699 1129 742 naxium.
1179 681 1253 745 Nam
1279 683 1359 744 bunc
1380 683 1477 763 ipsum
1501 683 1664 764 intellegi¹)
1804 677 1805 758 1

303 787 371 849 inde
393 787 594 858 confirmatur,
624 786 702 864 quod
729 783 932 868 Artavasdem,
948 805 1017 848 enm
1038 786 1073 848 de
1096 806 1154 866 quo
1177 785 1272 864 agitur
1294 785 1387 848 lilium
1409 787 1501 848 luisse
1522 786 1668 850 Ariobar-

303 889 383 950 zanis
409 889 560 969 Augustus
593 888 649 949 boc
679 887 743 967 ipso
776 888 840 949 loeo
875 888 1010 951 declarat.
1038 925 1080 936 —
1109 891 1232 951 Artaxes
1258 889 1414 951 Armeniae
1446 908 1498 951 rex
1531 891 1665 970 itemque

303 992 414 1053 Mediae
441 991 634 1053 nihilominus
668 1010 721 1072 per
748 991 859 1070 aliquot
887 1010 996 1059 annos.
1031 1001 1064 1055 nt
1091 993 1132 1054 ait
1154 991 1272 1054 Tacitus
1299 991 1380 1070 (ann.
1402 992 1431 1066 2,
1455 991 1497 1069 3),
1524 998 1665 1056 memoria

299 1100 394 1176 putris
415 1095 552 1157 llomom’s
573 1096 704 1175 infensus
726 1093 929 1156 Arsacidarum
950 1099 983 1157 oi
1001 1115 1082 1176 seque
1103 1113 1277 1176 regnumque
1299 1107 1406 1157 tutatus
1428 1107 1475 1158 est.

404 1200 490 1261 Anno
518 1198 637 1259 demum
663 1196 724 1259 734
746 1200 896 1278 Augustus
926 1207 960 1259 ut
989 1199 1117 1260 Orientis
1151 1206 1260 1260 statum
1294 1199 1444 1260 ordinaret
1475 1197 1538 1279 ipse
1571 1217 1662 1280 expe-

303 1303 445 1365 ditionem
474 1302 505 1362 in
534 1300 647 1382 Syriam
676 1301 806 1380 suscepit
836 1300 1004 1380 bellumque
1032 1302 1148 1364 ridetur
1174 1299 1273 1362 Artaxi
1302 1299 1438 1361 illaturus
1463 1301 1577 1375 ,luisse3
1608 1301 1661 1361 sed

303 1415 460 1485 antequam
488 1423 535 1466 res
562 1405 597 1466 ad
625 1422 707 1466 arma
733 1403 855 1476 reniret,
881 1402 907 1464 is
929 1423 945 1464 a
967 1404 1142 1485 propinquis
1164 1403 1336 1465 interiectus
1359 1411 1413 1464 est.
1457 1402 1530 1465 llem
1560 1413 1661 1464 narrat

303 1509 357 1571 llio
379 1507 429 1582 54,
447 1509 466 1570 9
489 1507 525 1570 ad
547 1527 572 1569 a.
590 1507 664 1569 734:
692 1506 756 1569 orio
772 1502 953 1588 Ἀρμενίων
974 1506 1040 1569 τῶν
1062 1503 1180 1589 ἑτέρων
1202 1505 1322 1586 (nempe
1343 1505 1497 1566 Armeniae
1526 1504 1658 1581 maioris)

302 1611 362 1673 τοῦ
382 1633 417 1688 τε
433 1605 589 1692 ’Λρτάξυο
616 1606 908 1691 κατηγορησάντων
937 1607 995 1670 καὶ
1022 1607 1081 1672 τάν
1108 1601 1273 1692 Τιγράνην
1298 1607 1356 1670 τὸν
1385 1601 1531 1691 ἀδελφάν
1559 1603 1659 1671 αὐτοῦ

303 1710 339 1777 ἐν
360 1713 398 1802 τῇ
417 1708 521 1797 Ῥώμη
544 1708 624 1776 ὄντα
645 1713 975 1794 μεταπεμψαμένων,
998 1710 1184 1786 μετέστειλε
1205 1707 1263 1774 τάν
1289 1713 1462 1793 Τιβέριον,
1490 1705 1582 1784 ὅπως
1603 1731 1660 1773 τον

303 1813 364 1897 μὲν
385 1811 506 1899 ἐκβάλῃ
528 1815 584 1898 τῆς
606 1813 794 1896 βασιλείας,
816 1811 873 1876 τὸν
894 1812 932 1876 δὲ
954 1811 987 1887 ἐς
1009 1810 1111 1898 αὐτην
1132 1811 1405 1896 ἀποκαταστήσῃ·
1427 1813 1483 1875 καὶ
1503 1809 1657 1896 ἐπράχθη

303 1914 363 2000 μὲν
385 1913 481 1982 οὐδὲν
501 1918 557 2002 τῆς
580 1917 787 2001 παρασκευῆς
815 1909 919 1979 αὐτοῦ
946 1914 1055 1990 ἄξιον·
1084 1913 1117 1980 οἱ
1147 1916 1208 2000 γάρ
1231 1912 1398 1998 Ἀρμένιοι
1427 1915 1486 1980 τὸν
1503 1912 1660 1998 ’Λρτάξην

304 2017 587 2104 προαπέκτειναν,
614 2021 643 2082 id
674 2021 753 2101 quod
783 2021 937 2082 confirmat
963 2021 1081 2083 Tacitus
1109 2021 1128 2082 l.
1152 2039 1190 2083 c:
1220 2025 1308 2084 occiso
1339 2021 1463 2084 Artenia
1485 2039 1542 2100 per
1563 2019 1659 2082 άοῑυνα

299 2129 530 2206 propinquorum
556 2125 606 2203 (cl.
622 2124 748 2186 Velleius
770 2123 799 2197 2,
817 2123 867 2185 94.
886 2121 961 2196 122,
988 2122 1130 2203 losephus
1154 2124 1202 2196 15,
1219 2126 1248 2197 4,
1264 2123 1300 2196 3;
1329 2123 1490 2186 Suetonius
1512 2122 1586 2202 Aug.
1603 2123 1658 2196 21ς

302 2228 413 2289 Eolshel
434 2227 463 2298 b,
480 2227 533 2305 98)
557 2229 768 2305 confirmatque
792 2227 852 2305 ipse
874 2227 1025 2305 Augustus
1048 2226 1212 2305 hecquem
1241 2245 1414 2289 enarramus
1437 2227 1510 2288 loco.
1556 2225 1658 2306 Tigra-

303 2350 371 2393 nem
394 2348 492 2410 regem
516 2349 548 2392 se
568 2329 673 2392 fecisse
696 2329 841 2390 maiorum
864 2330 997 2409 exemplo
1012 2329 1163 2408 Augustus
1186 2329 1288 2391 scribit
1303 2330 1435 2410 cogitans
1457 2330 1493 2391 de
1508 2329 1656 2410 Pompeio,

302 2433 354 2514 qui
376 2453 401 2495 a.
418 2433 479 2495 688
507 2432 641 2494 similiter
667 2451 720 2494 aro
747 2431 836 2493 huius
858 2431 975 2510 Tigrani
1002 2449 1127 2512 regnum
1154 2433 1324 2494 restituerat
1351 2450 1461 2511 suaque
1484 2450 1572 2494 manu
1596 2431 1657 2492 dia-

303 2538 388 2599 dema
410 2537 592 2617 imposuerat
614 2535 777 2610 (Drumann
800 2537 829 2607 4,
845 2535 930 2614 440),
952 2535 1062 2615 pariter
1082 2543 1170 2613 atque
1193 2544 1255 2596 tum
1279 2537 1363 2598 iussu
1383 2535 1508 2614 Augusti
1524 2533 1657 2595 Tiberius

302 2660 422 2721 regmom
442 2641 593 2702 Armeniae
609 2639 725 2720 Ts'groni
742 2643 863 2701 restituit
884 2657 918 2699 oc
936 2657 992 2717 pro
1014 2637 1158 2699 tribunali
1179 2636 1309 2699 diademo
1323 2642 1456 2717 imposuit
1471 2636 1573 2716 (verba
1590 2647 1658 2698 sant

304 2742 437 2806 Suetonii
463 2742 526 2804 Tib.
544 2744 579 2816 93
605 2745 641 2802 cl.
662 2740 788 2802 Velleius
810 2741 839 2812 2,
860 2739 941 2818 122).
986 2740 1059 2802 Cum
1088 2750 1187 2802 autem
1210 2759 1283 2819 qnae
1306 2741 1425 2821 quidem
1447 2759 1538 2820 regna
1559 2758 1657 2819 ταςοοι

302 2865 318 2906 a
340 2845 472 2926 principe
491 2844 664 2924 acciperent,
685 2852 716 2904 et
736 2843 799 2924 ipsa
818 2843 942 2923 imperio
957 2843 1090 2905 Romano
1110 2843 1437 2923 comprehenderentur,
1459 2843 1598 2905 Armenia
1618 2842 1657 2903 ita

301 2949 333 3010 in
364 2957 539 3029 potestatem
572 2947 673 3028 populi
695 2947 820 3008 Romani
852 2946 932 3008 venit
963 2947 1008 3007 vel
1040 2945 1136 3028 potius
1165 2946 1265 3022 rediit;
1295 2955 1455 3027 utrumque
1481 2955 1511 3007 et
1533 2946 1658 3007 Velleius

301 3052 390 3113 babet
413 3051 455 3129 (2,
471 3051 526 3112 95:
559 3051 677 3113 redorta
703 3068 736 3111 eo
761 3054 792 3111 in
815 3059 979 3130 potestatem
1001 3049 1104 3130 pepedi
1123 3047 1263 3123 Romom';
1291 3049 1420 3124 2,122;
1454 3049 1590 3111 Armenio
1611 3067 1659 3110 re·

302 3154 393 3235 cepto)
423 3161 452 3216 et
478 3154 607 3227 nummi,
638 3170 849 3233 saepenumero
871 3152 1072 3233 praedicantes
1094 3154 1259 3215 Armenium
1281 3165 1405 3234 coptum,
1437 3152 1589 3232 aliquoties
1610 3170 1658 3217 re·¹

303 3257 453 3338 septemb.
488 3291 529 3300 —-
563 3255 710 3318 Nummus
742 3256 777 3317 ed
812 3255 966 3335 Tigranem
997 3257 1077 3317 hunc
1109 3255 1255 3334 pertinere
1288 3256 1402 3319 videtur
1433 3275 1541 3318 aeneus
1571 3265 1659 3335 caput

302 3359 395 3441 ipsius
423 3359 533 3420 habens
561 3359 643 3420 cultu
670 3358 749 3437 regio
773 3377 841 3420 cum
864 3359 984 3421 nomine
1006 3360 1042 3420 ab
1064 3358 1153 3421 altera
1172 3367 1254 3438 parte
1276 3359 1313 3420 ad
1335 3361 1507 3428 Armenium
1530 3365 1656 3421 stantem

262 3542 265 3551 Ι
303 3463 415 3523 hastam
439 3479 598 3540 arcumque
621 3469 768 3522 tenentem
792 3462 937 3543 adscripto
960 3461 1123 3544 βασιλέως
1144 3458 1289 3544 μεγάλου
1315 3458 1479 3543 Τιγράνου
1501 3459 1658 3546 φιλέλλη-

302 3585 358 3637 νος
380 3564 529 3644 (Langlois
550 3584 629 3626 uum.
653 3564 687 3627 de
709 3561 861 3626 l’Armtm'e
882 3584 911 3645 p.
928 3563 990 3645 37).

402 3667 466 3730 Una
493 3687 560 3730 oum
582 3666 719 3729 Armenia
741 3666 833 3729 bledla
861 3687 978 3752 quoque
1001 3678 1064 3729 tum
1087 3667 1118 3728 in
1140 3675 1313 3747 potestatem
1338 3669 1538 3730 Romanorum
1562 3668 1658 3742 venit3

303 3779 382 3834 certe
410 3791 478 3834 cnm
509 3789 544 3834 ex
571 3771 737 3833 narratione
764 3789 853 3850 supra
874 3771 963 3832 relata
986 3780 1122 3851 appareat
1144 3780 1304 3851 utrumque
1326 3790 1451 3850 regnum
1473 3771 1582 3852 pariter
1601 3771 1656 3833 sub

302 3875 409 3936 Artaxe
430 3875 530 3949 fuisse,
553 3893 588 3936 eo
610 3893 711 3936 everso
726 3864 958 3936 consentaneum
974 3883 1020 3936 est
1038 3873 1127 3935 etiarn
1142 3874 1252 3935 Mediae
1267 3873 1421 3936 arbitrium
1438 3873 1474 3934 ad
1489 3874 1654 3953 Augustum

303 3976 431 4040 delatum
454 3997 527 4038 esse.
558 3978 652 4050 Quam
676 3977 713 4038 ob
735 3995 799 4038 rem
822 3986 900 4038 recte
922 3977 980 4038 buc
1001 3979 1172 4050 reseremus,
1195 3977 1274 4056 quod
1289 3976 1364 4056 apud
1382 3996 1482 4039 rerum
1499 3977 1656 4057 scriptores

302 4099 377 4160 quos
400 4080 543 4142 habemus
565 4081 755 4160 praeteritum
779 4080 928 4159 Augustus
950 4082 1040 4141 relert
1060 4079 1090 4154 6,
1107 4081 1126 4142 9
1148 4079 1243 4142 Medos
1266 4099 1327 4142 ose
1341 4098 1435 4160 regem
1447 4083 1558 4160 petiisse
1573 4080 1657 4142 Ario·

299 4343 306 4366 ,
403 4307 424 4374 ¹)
443 4306 538 4358 Errore
556 4309 582 4358 iu
602 4305 628 4358 C.
641 4305 660 4358 l.
672 4304 700 4357 L.
721 4307 857 4358 adnotatur
873 4307 952 4357 alium
971 4321 1027 4358 esse
1046 4305 1214 4357 Artavasden
1231 4306 1384 4359 monumenti
1403 4306 1548 4377 Ancyrani,
1566 4307 1656 4376 quippe

303 4394 346 4460 qui
365 4394 390 4444 in
409 4393 530 4447 Armenia
548 4392 701 4444 interfectus
718 4393 754 4443 sit
773 4407 818 4444 nee
835 4393 903 4443 lilius
922 4400 1019 4444 tontum
1037 4394 1107 4458 regis
1125 4390 1215 4458 luerit,
1236 4392 1280 4443 sed
1298 4393 1353 4460 ipss
1372 4409 1425 4444 rex.
1460 4393 1525 4446 lllnd
1544 4393 1657 4462 pertinet

302 4481 334 4532 ad
351 4480 521 4533 Artavasden
539 4481 662 4544 alterum
684 4494 733 4531 rem
755 4488 839 4532 antem
862 4481 917 4531 sins
937 4479 1010 4530 dnbio
1030 4478 1194 4545 supplendum
1219 4485 1260 4530 est
1277 4479 1292 4530 2
1311 4479 1345 4530 in.
1366 4479 1462 4530 nomini
1485 4479 1656 4547 praepositum

303 4576 354 4620 mm
372 4568 398 4618 in
417 4568 471 4618 illio
489 4583 561 4634 quam
580 4583 605 4618 un
624 4577 704 4633 patre.

402 4651 422 4716 ²)
441 4653 484 4705 Sic
501 4653 523 4705 is
540 4654 571 4703 de
589 4669 637 4719 quo
656 4668 732 4719 supra
750 4652 818 4718 p.13
837 4653 892 4702 ado.
908 4651 919 4700 1
940 4649 1052 4700 diximus
1073 4651 1164 4701 unicus
1182 4651 1262 4703 musei
1282 4649 1461 4714 berolinensis,
1483 4651 1543 4701 item
1562 4647 1656 4700 Coheni

303 4753 328 4786 n.
342 4736 382 4803 to,
399 4737 498 4803 pariter
519 4745 595 4803 atque
618 4739 643 4789 in
669 4739 775 4789 nummis
799 4752 874 4802 supra
897 4753 920 4802 p.
936 4735 966 4790 12
989 4735 1075 4787 citatis
1093 4737 1162 4788 cusis
1185 4743 1242 4802 post
1260 4735 1388 4787 devictam
1406 4736 1544 4786 Antonium
1562 4734 1657 4798 legitur

301 4823 369 4872 Aeolo
385 4827 494 4892 recepto.
