3656 5444
311 371 373 435 118
537 314 541 325 Ι
908 366 942 435 V,
960 369 1066 424 31-34

329 568 394 609 aar.
411 549 440 624 5,
459 565 483 609 sa
499 565 527 609 aa
553 545 728 624 Prolvincias
744 548 850 620 omnis,
866 565 940 627 quac
956 557 1037 610 traus
1052 547 1230 610 Hadrianum
1248 569 1328 612 mare
1354 553 1485 630 vergun[t
1501 551 1672 628 4)(1441444-

501 669 527 714 44
552 651 638 730 [tc]m,
660 650 862 734 Cyrelnhsque
884 650 941 713 iam
965 669 1000 712 ex
1020 660 1102 732 parte
1118 653 1222 731 magna
1237 653 1356 733 regibus
1370 672 1419 715 eas
1434 655 1670 734 possidentibus,

496 773 523 819 aa
550 755 596 835 c[t]
612 763 693 817 oatea
706 753 834 816 Siciliam
848 764 878 817 et
890 753 894 836 Ι
908 754 1070 818 Sardiniam
1083 757 1236 844 4444444144
1248 757 1322 818 64114
1334 756 1432 818 4444111
1444 757 1611 838 4441444141.
1629 761 1650 833 5
1664 757 1670 836 )

322 877 366 920 ora
387 859 435 933 15,
457 878 480 920 44
495 876 521 920 tt
542 852 741 941 Ἐπαρχείας
755 853 898 936 ἁπάσας,
922 850 1001 921 ὅσαι
1020 855 1025 940 Ι
1044 859 1150 938 πέραν
1163 858 1225 922 rori
1239 859 1376 923 Elovioo
1392 856 1519 924 κόλπου
1534 860 1669 924 διατεί-

498 979 524 1023 1s
552 977 646 1024 vocor
669 959 751 1044 πρὸς
773 956 956 1041 draicodclr,
979 961 1035 1023 eol
1053 957 1204 1047 Κυρήνην
1225 964 1260 1026 ἐκ
1275 961 1449 1046 μείσζονος
1462 965 1530 1044 (414)
1546 967 1671 1049 μέρους

500 1085 526 1128 ac
553 1060 621 1128 ὑπὸ
651 1061 825 1146 dociliter
854 1066 1094 1147 κατεσχημένας
1120 1066 1175 1128 καὶ
1203 1065 1399 1151 ἔμπροσθεν
1430 1067 1585 1132 Σικελίαν
1606 1069 1670 1132 καὶ

499 1187 524 1230 44
548 1166 676 1252 ΣαρΙδῴ
692 1167 759 1249 (414)
775 1165 1077 1251 προκατειλημένας
1088 1168 1157 1250 (414)
1169 1167 1304 1254 πολέμῳ
1317 1169 1459 1252 64414κῷ
1473 1167 1646 1253 ἀνέλαβον.
1662 1174 1666 1254 )

306 1271 347 1333 lle
373 1270 532 1353 provinciis
555 1272 622 1334 Sex.
645 1271 786 1354 Pompeio
817 1270 927 1352 creptis
949 1271 1082 1334 Sardinia
1103 1291 1129 1334 a.
1156 1273 1227 1346 716,
1255 1273 1352 1337 Sicilia
1375 1295 1401 1337 a.
1425 1274 1486 1336 718
1510 1275 1670 1338 rideantur

306 1395 380 1457 quae
408 1375 538 1437 diximus
565 1374 705 1450 415,1.
750 1374 919 1437 Provinciae
945 1384 1043 1438 autem
1072 1396 1147 1457 qnae
1175 1378 1273 1458 priore
1291 1371 1366 1440 'loco
1397 1377 1565 1440 indicantur
1592 1388 1670 1441 sunt

306 1481 468 1560 permissae
482 1477 610 1542 Antonio
625 1489 709 1560 pacto
725 1478 902 1542 Brundisino
918 1478 1094 1555 Macedonia,
1119 1480 1235 1553 Achaia,
1251 1481 1328 1556 4414,
1344 1480 1459 1544 Pontus
1473 1491 1504 1545 et
1517 1481 1667 1563 Bithynia,

305 1583 418 1659 Cilicia,
441 1583 569 1665 Cyprus,
599 1583 696 1666 Syria,
719 1582 817 1656 Creta,
840 1581 977 1663 Cyrenas.
1021 1583 1064 1644 Ex
1093 1583 1138 1646 his
1164 1583 1395 1665 quinquereme
1417 1598 1666 1668 qnaspostremo

304 1685 368 1749 loco
397 1686 552 1767 posuimus
580 1689 696 1768 regibus
724 1687 863 1767 elargitus
893 1696 939 1748 est
959 1686 1114 1750 Antonius.
1159 1686 1190 1748 Si
1221 1706 1288 1750 vera
1311 1687 1431 1751 tradidit
1452 1689 1507 1751 uio
1529 1691 1591 1764 (49,
1607 1692 1665 1771 41)

304 1790 471 1854 Ptolemaeo
494 1791 553 1853 tilio
576 1792 675 1854 omnia
696 1791 774 1853 inter
788 1789 957 1870 Euphraten
973 1797 1003 1851 et
1017 1787 1240 1870 Hellespontum
1255 1791 1396 1854 attributa
1411 1811 1485 1866 esse,
1508 1793 1665 1875 imperarit

304 1894 331 1955 is
345 1894 432 1957 etiam
448 1893 533 1957 Asiae
555 1904 585 1956 et
606 1893 758 1974 Bithyniae
779 1893 950 1975 provinciis;
973 1903 1002 1955 at
1024 1895 1162 1974 refragari
1183 1893 1300 1956 ridetur
1319 1894 1495 1958 Plutarchus
1511 1897 1590 1974 (hut.
1606 1899 1662 1972 54)

303 2016 358 2059 444
385 2017 438 2079 444
466 2017 498 2060 44
524 1997 654 2060 44444114
684 1999 754 2059 6444
780 1996 938 2077 4446461114
966 2005 1026 2071 441,
1056 2016 1123 2059 oum
1147 2015 1268 2077 magnae
1290 2007 1406 2062 tantum
1428 1999 1521 2080 partis
1542 2000 1664 2080 provin-

304 2101 415 2163 oiarum
438 2101 554 2182 regibus
577 2118 732 2163 concessae
756 2099 914 2161 homnium
936 2099 1053 2162 incuset
1074 2099 1137 2180 ipse
1152 2099 1311 2180 Augustus.
1346 2102 1434 2164 411411
1463 2102 1552 2182 igitur
1573 2103 1662 2165 Nico-

304 2205 456 2285 medisque
488 2223 576 2284 regna
608 2203 753 2266 Antonius
785 2222 802 2265 a
833 2203 966 2265 Romano
993 2202 1118 2283 imperio
1147 2221 1206 2265 non
1237 2205 1357 2280 avulsit}
1392 2214 1423 2268 at
1455 2214 1659 2287 praeterquam

302 2309 381 2390 quod
404 2309 578 2389 Lycaoniam
601 2317 632 2371 et
653 2307 853 2389 Pamphyliam
877 2308 991 2369 avulsas
1013 2305 1143 2367 aCilicia
1165 2307 1314 2386 provincia
1329 2309 1473 2389 Amyntae
1494 2309 1556 2389 regi
1571 2309 1657 2372 Cala-

304 2412 360 2474 tiae
389 2411 508 2474 donarit
534 2411 600 2493 (llio
623 2411 674 2484 49,
697 2410 753 2485 32;
781 2413 817 2472 41.
841 2409 1010 2491 hlarqnardt
1031 2409 1305 2492 Stoutsaerrooltuog
1328 2412 1343 2471 1
1368 2432 1397 2493 p.
1414 2411 1506 2490 385),
1529 2413 1658 2477 restituit

303 2533 426 2596 regnum
442 2515 564 2597 Aegypti
586 2514 695 2577 linibus
717 2513 857 2594 antiquis,
878 2522 912 2575 ut
933 2520 963 2574 ct
979 2512 1092 2594 Cyprus
1114 2513 1141 2575 41
1162 2513 1326 2577 adiceretur
1341 2514 1502 2596 (Plutarch.
1517 2516 1586 2580 Ant
1602 2519 1658 2590 543

302 2619 355 2681 uio
378 2619 428 2692 49,
450 2618 501 2681 32.
525 2620 582 2693 41;
605 2617 710 2679 Strabo
734 2618 783 2688 14,
806 2615 835 2689 6,
859 2615 922 2697 64.
938 2615 1023 2694 685),
1046 2635 1134 2697 quam
1150 2619 1208 2679 iam
1225 2619 1349 2681 dictator
1364 2617 1470 2680 Caesar
1484 2621 1520 2683 ad
1535 2639 1656 2700 regnum

301 2723 508 2806 Aegyptiarum
545 2719 762 2803 quodammodo
789 2738 894 2781 rursus
922 2718 1093 2782 adiunxerat
1120 2719 1186 2800 (Dio
1209 2721 1259 2795 42,
1282 2721 1351 2799 35),
1378 2729 1408 2782 et
1436 2723 1536 2803 Syriae
1563 2743 1612 2786 ora
1641 2742 1658 2785 a

300 2827 394 2898 limite
409 2825 531 2908 hcgypti
545 2825 582 2887 ad
597 2823 725 2886 Aradum
746 2826 807 2884 fere
822 2821 948 2903 exceptis
965 2822 1088 2886 urbibus
1103 2824 1180 2905 Tyro
1195 2834 1225 2886 ct
1240 2824 1349 2886 Sidone
1362 2825 1515 2905 (Iosephus
1530 2835 1589 2888 ant.
1608 2828 1656 2900 15,

301 2933 329 3006 4,
356 2933 382 3006 1,
405 2930 471 2992 6411.
490 2931 516 3003 1,
542 2927 590 3003 18,
614 2928 646 3007 5)
677 2927 807 3007 itemque
839 2925 1003 3007 Coelesyria
1031 2927 1184 3009 (Iosephus
1211 2937 1271 2990 ant.
1291 2929 1338 3000 15,
1362 2928 1390 3002 3,
1414 2927 1447 3001 8;
1481 2928 1656 2992 Plutarchus

298 3035 319 3096 l.
334 3033 374 3114 4.)
395 3042 425 3096 41
446 3034 629 3095 ituraeorum
651 3030 732 3110 regio
754 3031 882 3110 itemque
905 3029 1080 3091 ludaeorum
1103 3040 1133 3092 et
1147 3031 1275 3093 Arabum
1292 3031 1506 3093 Nabataeorum
1523 3032 1589 3112 (llio
1604 3035 1654 3107 49,

300 3137 355 3212 32;
382 3137 524 3218 Iosephus
554 3143 614 3197 ant.
640 3135 688 3207 15,
711 3135 740 3208 4,
766 3135 793 3194 1.
816 3151 841 3194 4.
857 3133 887 3205 5,
910 3131 939 3206 3,
963 3132 1028 3194 6411.
1048 3135 1074 3206 1,
1101 3133 1149 3208 18,
1170 3135 1199 3195 5.
1221 3153 1247 3197 4.
1263 3134 1313 3208 26,
1337 3133 1374 3208 3;
1401 3135 1438 3197 41.
1453 3135 1597 3198 Eusebius
1618 3138 1654 3199 ad

280 3260 324 3326 a.
348 3240 416 3302 hbr.
442 3238 536 3317 1987)
568 3247 596 3300 41
622 3245 720 3318 444144
751 3236 892 3316 quaedam
927 3233 1042 3298 Ciliciae
1070 3235 1190 3317 (Strabo
1221 3237 1274 3309 14,
1298 3237 1333 3310 5,
1356 3234 1375 3297 3
1398 3256 1426 3317 4.
1443 3238 1515 3301 669.
1542 3258 1567 3301 o.
1583 3240 1654 3312 5,6

298 3364 327 3424 p.
343 3343 417 3420 671)
440 3353 470 3405 41
490 3345 615 3404 14414444
630 3340 731 3402 Cretae
752 3356 870 3420 quoque
893 3336 958 3413 (uio
974 3339 1024 3411 49,
1047 3338 1112 3414 32),
1134 3338 1260 3421 denique
1280 3339 1408 3420 Cyrenas
1428 3342 1476 3420 (co
1490 3344 1569 3404 enim
1585 3361 1655 3423 per-

301 3447 374 3508 tinet
400 3443 512 3530 Λιβύη
536 3444 614 3525 apud
642 3442 832 3505 Plutarchum
859 3441 879 3501 l.
901 3445 957 3516 c.);
986 3441 1058 3504 haec
1079 3445 1177 3506 omnia
1199 3443 1325 3522 regenda
1348 3442 1466 3506 tradidit
1487 3445 1654 3528 Cleopatrae

298 3549 421 3629 eiusque
442 3547 501 3610 tilio
523 3567 559 3609 ex
574 3546 696 3609 Caesare
718 3553 854 3624 suscepto
870 3543 1045 3607 Caesarioui.
1082 3545 1220 3609 Restituit
1236 3546 1306 3608 item
1323 3563 1446 3626 regnum
1463 3547 1651 3629 Cyrenarum,

299 3652 464 3715 subiectum
488 3660 586 3713 tamen
606 3651 790 3730 Aegyptiam,
814 3648 990 3727 tradiditque
1012 3648 1068 3710 sub
1090 3658 1184 3711 matre
1206 3651 1366 3730 regendum
1389 3649 1558 3732 Cleopatrae
1579 3652 1653 3714 filiae

260 3747 267 3762 ’
298 3775 367 3818 suae
390 3775 426 3818 cx
448 3755 607 3835 Cleopatra.
650 3751 791 3816 Restituit
812 3751 948 3813 similiter
968 3770 1093 3831 regnum
1109 3753 1209 3834 Syriae
1223 3753 1413 3834 (Plutarchus
1434 3755 1454 3815 1.
1470 3773 1511 3828 4.;
1533 3754 1586 3816 llic
1602 3756 1651 3826 49,

298 3861 361 3936 41),
383 3876 561 3940 quamquam
586 3875 690 3937 magna
711 3874 779 3936 pars
801 3854 865 3917 eius
881 3853 1049 3934 Cleopatrae
1072 3854 1168 3930 cessit,
1191 3857 1302 3919 adiecta
1316 3863 1399 3937 parte
1414 3855 1524 3918 maiore
1539 3856 1652 3919 Ciliciae

298 3962 455 4041 (Plutarch.
472 3963 491 4023 l.
507 3961 546 4040 4.)
570 3960 748 4041 tradiditque
769 3958 828 4020 filio
850 3976 904 4020 suo
927 3976 962 4018 cx
982 3957 1134 4039 Cleopatra
1156 3969 1228 4022 natu
1250 3961 1358 4022 minori
1372 3959 1539 4022 Ptolemaeo
1554 3959 1651 4022 Phila-

296 4067 410 4147 dclpho.
447 4062 668 4127 Constituturus
695 4071 757 4125 erat
784 4069 933 4143 praeterea
959 4079 1082 4141 reguum
1105 4063 1274 4137 Armeniae,
1301 4062 1349 4124 cui
1370 4062 1541 4125 accederent
1560 4063 1651 4126 Media

297 4168 488 4249 Parthiaque,
516 4166 728 4247 destinavitque
758 4163 841 4226 alteri
863 4163 922 4226 tilio
944 4183 979 4225 er
1001 4165 1153 4246 Cleopatra
1175 4175 1247 4227 natu
1269 4165 1370 4227 maiori
1390 4166 1554 4228 Alexandro
1577 4166 1649 4244 [liv.

296 4291 341 4352 ep.
360 4271 612 4348 131;P1ut.t.c.;
633 4289 720 4352 supra
735 4289 764 4350 p.
783 4268 865 4349 110).
889 4269 970 4341 Quae
983 4269 1100 4350 imperii
1114 4269 1239 4332 Romani
1253 4269 1423 4332 imminutio
1438 4270 1483 4331 rel
1497 4270 1650 4351 praecipua

296 4394 382 4438 causa
403 4374 460 4436 fuit
482 4375 549 4437 belli
571 4375 607 4437 ab
622 4375 754 4454 Augusto
776 4379 877 4435 contra
892 4371 1052 4435 Antonium
1069 4372 1198 4454 suscepti
1214 4372 1278 4448 (Dio
1294 4373 1344 4448 50,
1363 4374 1395 4447 13
1417 4371 1494 4435 Plut.
1509 4374 1528 4436 l.
1545 4376 1593 4449 4.).
1609 4408 1650 4417 -

295 4479 339 4540 hd
365 4485 496 4558 receptas
523 4477 688 4559 provincias
716 4477 858 4540 debellato
884 4476 1011 4538 Antonio
1040 4496 1066 4538 a.
1082 4497 1111 4540 u.
1128 4495 1153 4538 c.
1170 4475 1231 4538 724
1261 4477 1387 4556 pertinet
1407 4475 1582 4538 nummulus
1603 4476 1651 4538 in-

295 4583 423 4663 scriptus
439 4583 505 4644 risio
518 4593 637 4664 recepto,
650 4600 738 4663 quem
754 4590 875 4664 propter
889 4579 1109 4662 inscriptionem
1125 4579 1231 4642 Caesar
1242 4584 1310 4660 imp.
1331 4599 1370 4639 444
1383 4597 1472 4660 supra
1486 4598 1514 4660 p.
1525 4578 1563 4639 12
1576 4578 1650 4640 1141-

295 4705 362 4748 mus
377 4704 482 4748 ousum
498 4705 562 4748 4444
576 4686 655 4749 14144
669 4705 694 4748 4.
708 4685 769 4747 725
785 4683 901 4758 41729,
917 4682 1033 4746 videtur
1054 4693 1153 4745 antem
1175 4702 1265 4746 cusus
1287 4703 1352 4746 esse
1372 4683 1478 4763 14444.
1496 4682 1568 4758 725,
1589 4702 1649 4764 quo

293 4787 451 4869 incipiente
462 4789 567 4852 Caesar
579 4789 748 4853 morabatur
758 4787 864 4850 inhsia
876 4787 990 4849 minore
1002 4786 1067 4866 (llio
1079 4787 1129 4862 51,
1139 4785 1194 4863 18;
1209 4790 1246 4850 41.
1258 4787 1517 4850 414461444444
1527 4805 1556 4868 4.
1565 4787 1648 4862 797).

1605 5131 1626 5190 Ι
