3656 5434
751 382 799 448 vt,
818 383 923 438 39-43

706 663 873 742 OAPV'P
900 667 958 742 IV

220 871 285 914 mr.
301 854 330 928 6,
345 870 371 915 eo
398 823 533 936 iinpensa
555 873 574 935 p
587 899 722 914 .......
741 856 780 931 [bs
793 854 970 936 apectlacnllc
984 857 1111 916 scaenico
1125 864 1151 915 et
1165 855 1295 931 munuc]
1317 852 1507 933 gladiatorum

344 977 371 1020 to
397 955 497 1040 atique
525 958 644 1021 athletos
672 969 698 1020 et
724 961 887 1020 coactiones
912 969 938 1019 et
964 958 1194 1037 noumhchp'om]
1218 967 1249 1020 ct
1273 958 1378 1020 donata
1403 957 1509 1038 pelc]u·

346 1081 370 1124 n
399 1063 446 1125 nia
462 1059 527 1138 all)
541 1059 546 1140 Ι
561 1107 1051 1123 ........................
1068 1062 1180 1139 [terlrac
1192 1071 1276 1124 motu
1288 1065 1305 1136 ξ
1317 1059 1509 1140 incendioque

345 1184 372 1228 tt
399 1162 606 1246 consumlptlis]
628 1167 689 1243 a[ut
709 1167 825 1244 viritim]
846 1167 953 1242 a[ma'cis
974 1165 1231 1246 aenutloribusque,
1254 1167 1381 1246 qudrum
1403 1181 1509 1226 census

345 1287 371 1330 to
398 1269 532 1350 explerit,
553 1267 558 1350 Ι
577 1269 842 1348 in[n]umera[dib]s.
866 1272 884 1343 ξ

190 1389 236 1432 un.
255 1371 303 1446 19,
328 1391 374 1435 aa
403 1369 584 1451 [Aanlc'am
607 1369 645 1435 dt
663 1370 668 1455 1
688 1371 735 1446 εἷς
760 1374 846 1446 θέας
874 1370 931 1434 καὶ
958 1364 1165 1456 μονομάχους
1191 1368 1247 1434 καὶ
1275 1367 1425 1456 ἀθλητὰς
1454 1369 1509 1434 καὶ

359 1495 372 1537 ο
399 1477 593 1556 ναυμαὶχίαν
618 1473 674 1539 καὶ
702 1477 917 1559 θηρομαχίαν
943 1473 1067 1558 δωρεαί
1095 1475 1146 1552 [τε]
1174 1468 1350 1549 ἀποικίαις
1373 1472 1512 1538 πόλεσιν

324 1597 372 1642 ss
401 1579 405 1659 Ι
428 1577 464 1643 ἐν
480 1574 615 1658 Ἰταλίᾳ,
639 1575 780 1642 πόλεσιν
802 1575 838 1641 ἓν
857 1576 1050 1660 ἐπαρχείαις
1064 1580 1101 1657 [5]
1123 1578 1249 1664 σεισμῷ
1272 1572 1512 1660 κα[1]ἒνπυΙρο-

352 1701 379 1744 to
408 1691 505 1765 σμοῖς
528 1685 769 1766 πεπονηκυίαις
791 1677 810 1766 ἢ
833 1682 901 1744 κατ’
923 1678 1029 1764 ἄνδρα
1051 1680 1241 1764 otterestat
1264 1679 1512 1766 periniquum,

347 1805 370 1848 tr
401 1779 446 1850 ὧν
467 1785 525 1861 τὰς
546 1784 713 1872 τεομήσεις
736 1785 1065 1870 προσεξεπλήρωσενι
1089 1782 1239 1868 ἄζπειρον
1262 1783 1431 1870 rubidum}

159 1915 265 1976 Graeca
286 1934 354 1978 cum
379 1919 489 1998 integra
512 1917 569 1980 iam
594 1919 727 1992 edantur,
751 1928 811 1981 tam
834 1916 1008 1980 inconcinna
1032 1925 1111 1991 sunt.
1134 1925 1169 1979 ut
1183 1917 1218 1979 de
1234 1917 1310 1980 iusta
1325 1916 1511 1979 restitutione

158 2017 328 2081 Latinorum
352 2039 456 2100 magna
483 2041 519 2084 ex
544 2031 626 2102 parte
648 2021 792 2084 hiantium
815 2031 846 2083 et
866 2021 914 2082 vix
935 2022 1040 2100 melius
1063 2029 1273 2101 conceptorum
1297 2021 1510 2101 desperandum

158 2141 220 2183 esse
242 2122 383 2186 videatur.
407 2159 448 2170 —
471 2125 533 2186 Lat.
557 2126 597 2188 39
620 2130 772 2206 impensae,
795 2126 873 2205 quod
896 2131 1061 2206 posuerunt
1075 2121 1216 2202 Bergbius
1238 2131 1268 2184 et
1290 2121 1511 2196 Hirschfeldius

158 2223 231 2304 lapis
259 2244 318 2288 non
340 2227 477 2302 admittit,
499 2228 610 2290 habens
632 2238 700 2310 post
722 2247 877 2290 rnrrusn
899 2238 950 2290 aut
971 2249 987 2289 r>
1008 2237 1059 2290 aut
1081 2248 1100 2287 n
1121 2226 1258 2300 litteram,
1282 2235 1315 2288 ut
1337 2237 1367 2289 et
1386 2231 1513 2308 impetun

156 2333 276 2408 pentonia
306 2331 435 2412 suppleri
461 2334 556 2412 possit
583 2341 613 2394 ct
640 2337 836 2414 impensurum
861 2352 983 2394 marma.
1011 2367 1052 2376 —
1078 2335 1206 2394 scaenico
1240 2330 1336 2392 addidi
1371 2331 1512 2392 suadente

158 2431 389 2494 Wilamowitzio.
411 2469 453 2478 -
473 2435 507 2496 ln
530 2438 588 2497 llue
610 2446 678 2516 post
699 2457 742 2496 ar
764 2453 831 2497 cum
854 2434 927 2516 lapis
944 2444 1032 2508 vacet,
1056 2435 1121 2496 dedi
1143 2446 1226 2516 utque
1242 2433 1362 2497 otbletcs
1376 2432 1511 2514 proposi-

160 2543 222 2596 tum
240 2535 276 2597 ab
292 2537 404 2600 eodem.
418 2575 460 2586 —
476 2539 516 2601 40
532 2539 603 2601 haec
618 2547 778 2620 supersunt
799 2535 971 2606 achillis.
996 2535 1149 2606 nonnoni
1169 2557 1344 2601 pecvniae
1370 2544 1511 2616 sequente

159 2638 253 2718 spatio
279 2658 383 2714 vacuo;
417 2643 653 2723 supplementum
684 2642 762 2724 quod
795 2642 974 2704 satisfaceret
1001 2661 1061 2704 non
1091 2642 1216 2723 repperi.
1243 2680 1286 2688 -
1313 2642 1350 2701 41
1381 2639 1512 2702 cernitur

159 2749 217 2810 tlttl
239 2739 408 2818 liliisne
430 2746 669 2826 supplementum
691 2746 769 2828 quod
785 2747 892 2807 Graeca
915 2745 1063 2827 requirere
1085 2745 1220 2806 videntur
1242 2743 1357 2806 coloniis
1371 2746 1402 2803 in
1416 2740 1511 2811 italio,

159 2848 265 2926 oppidis
284 2849 314 2908 in
330 2852 486 2927 μνοοίποίίο
514 2869 569 2911 nec
589 2850 717 2930 vestigiis
743 2849 790 2911 his
813 2859 889 2911 recte
918 2858 1034 2930 aptatur
1061 2857 1090 2910 et
1116 2846 1243 2928 spatium
1267 2845 1345 2926 quod
1367 2843 1511 2926 principio

158 2967 261 3010 versus
282 2959 350 3011 ante
374 2971 440 3014 nae
470 2962 553 3015 vacat
578 2953 741 3016 litterarum
765 2973 790 3014 c.
807 2970 883 3026 xxyn
910 2952 1058 3032 aliquanto
1089 2950 1210 3013 excedit.
1238 2983 1271 2995 —
1296 2949 1330 3010 ln
1353 2947 1469 3010 Graecis
1492 2948 1511 3007 7

159 3052 238 3130 quod
260 3053 370 3134 flagitat
392 3053 533 3134 Bergbius
555 3075 596 3116 re
618 3066 649 3119 et
669 3055 763 3137 spatio
786 3056 922 3118 convenit
943 3065 974 3117 et
1000 3056 1099 3117 hastae
1129 3053 1249 3133 vestigio
1275 3053 1354 3132 quod
1382 3050 1513 3114 cernitur

159 3165 226 3236 post
248 3175 395 3219 aornar.

259 3259 343 3322 Prior
365 3281 432 3342 pars
454 3265 582 3344 pertinet
603 3263 639 3325 ad
661 3263 759 3324 locum
782 3262 916 3324 deludis
939 3264 967 3336 4,
991 3260 1127 3336 31-48,
1149 3277 1245 3340 neque
1261 3255 1509 3339 operaepretium

159 3371 205 3423 est
231 3363 354 3443 singulis
379 3365 539 3428 immorari.
583 3367 664 3440 Quae
694 3375 858 3446 sequuntur
887 3365 922 3426 de
953 3365 1037 3427 donis
1064 3365 1100 3426 ab
1121 3365 1253 3444 Augusto
1280 3361 1394 3443 oppidis
1416 3361 1513 3442 priva-

160 3464 232 3526 tisve
255 3465 368 3539 oblatis,
391 3484 449 3529 non
472 3467 562 3548 petita
584 3479 655 3532 sunt
677 3489 712 3532 ex
732 3469 959 3543 commentari03
982 3470 1006 3530 is
1022 3467 1101 3530 enim
1118 3485 1186 3529 oum
1202 3468 1349 3547 impensas
1364 3474 1514 3526 recenseat

159 3567 189 3628 in
212 3587 274 3629 rem
298 3569 442 3650 publicam
466 3571 668 3653 populumque
682 3573 848 3635 llomanum
871 3576 970 3646 iactas,
993 3591 1053 3653 quo
1074 3571 1145 3633 item
1166 3572 1293 3651 pertinet
1306 3589 1410 3631 aurum
1428 3587 1514 3630 coro·

161 3671 275 3732 uarium
301 3673 469 3755 municipiis
491 3685 521 3736 et
543 3676 664 3738 coloniis
687 3675 785 3738 ltaliae
807 3675 963 3737 remissum
988 3676 1029 3754 tl,
1053 3674 1116 3750 26),
1138 3673 1325 3735 liberalitates
1340 3671 1370 3732 in
1385 3670 1513 3752 privatos

160 3774 277 3838 collatas
311 3794 371 3838 non
398 3777 536 3841 admittit
585 3779 658 3840 llem
687 3788 834 3841 testantur
860 3788 1003 3841 auctores.
1048 3777 1089 3839 De
1115 3776 1230 3857 oppidis
1257 3775 1380 3856 pecunia
1406 3773 1514 3836 adiutis

160 3879 318 3942 Suetonius
344 3882 417 3960 hug.
441 3883 498 3944 47:
530 3883 647 3945 urbium
673 3887 704 3945 in
732 3885 926 3964 (provinciis),
954 3881 1062 3962 inquit,
1090 3881 1228 3962 qttosdom
1254 3889 1304 3941 mtt
1329 3898 1394 3940 cere
1421 3877 1514 3939 olt’eno

161 3981 322 4045 luboruntes
343 3983 447 4045 levavit
465 3994 517 4046 cut
539 3996 633 4048 terroe
654 4000 732 4050 motu
753 3987 903 4049 movens
925 3986 1016 4048 dotato
1039 3983 1174 4046 condidit.
1205 3983 1364 4044 Eiusmodo
1386 3979 1515 4042 bberali-

161 4094 234 4148 tates
256 4088 443 4166 contigerunt
464 4087 542 4149 iuter
563 4089 633 4152 alias
655 4091 809 4171 plerasque
824 4088 890 4168 (Dio
906 4089 955 4162 54,
979 4087 1032 4168 23)
1055 4087 1180 4149 Venafro
1201 4086 1232 4148 in
1256 4085 1412 4166 Campania
1439 4089 1514 4146 tacto

161 4189 201 4252 ibi
229 4191 428 4269 aequaeductu
451 4190 538 4270 (11.1.
560 4192 593 4253 L.
609 4193 645 4267 X,
661 4194 772 4270 4842),
796 4193 914 4274 Neapoli
936 4192 967 4252 in
990 4191 1145 4272 Campania
1168 4190 1300 4271 (111055,
1318 4190 1386 4269 10),
1414 4187 1515 4269 Papho

161 4293 191 4356 in
219 4294 313 4376 Cypro
341 4314 366 4357 a.
390 4295 451 4358 739
479 4295 545 4374 (bio
569 4298 624 4370 54,
646 4296 706 4371 233
740 4300 777 4358 ci.
800 4295 943 4357 Eusebius
970 4294 1005 4357 ad
1031 4294 1142 4355 abbr.
1160 4291 1272 4372 1998),
1305 4293 1376 4355 item
1403 4312 1428 4354 a.
1453 4289 1514 4352 742

164 4397 298 4478 pluribus
320 4397 434 4479 oppidis
455 4399 621 4478 provinciae
642 4400 726 4462 Asiae
747 4399 814 4478 (Dio
837 4400 887 4471 54,
903 4397 971 4476 30);
995 4397 1121 4478 denique
1143 4397 1179 4459 de
1194 4396 1334 4459 laodicea
1356 4396 1392 4458 ad
1404 4396 1514 4477 Lycum

161 4509 192 4562 et
205 4500 350 4563 Trallibus
372 4501 450 4564 idem
473 4511 596 4565 testatur
612 4502 717 4564 Strabo
743 4500 791 4576 12,
808 4501 837 4575 8,
855 4499 893 4563 18
916 4521 946 4581 p.
959 4501 1021 4562 579
1043 4501 1146 4562 collato
1163 4499 1304 4562 Suetonio
1327 4499 1390 4561 Tib.
1407 4499 1440 4561 8:
1459 4516 1515 4579 pro

163 4603 326 4666 Laodicenis
349 4603 526 4686 lbyotirenis
551 4605 628 4668 cttts
650 4616 744 4668 terroe
765 4617 843 4669 motu
865 4603 983 4684 afflictis
1004 4623 1136 4685 opemque
1150 4603 1371 4684 implorantibus
1384 4614 1515 4665 smmum

165 4707 330 4790 deprecatus
356 4719 404 4771 eet.
448 4709 490 4771 lle
512 4709 656 4772 Trallibus
678 4709 766 4772 etiarn
790 4707 926 4787 Agathias
949 4707 1035 4782 2,17
1058 4706 1238 4787 epigramma
1260 4707 1344 4769 allert
1365 4725 1399 4768 ex
1422 4705 1515 4788 lapide

164 4811 345 4893 descriptum
367 4812 436 4874 hoc:
883 4795 890 4818 ⁸
