3656 5444
754 385 787 452 V,
810 386 913 440 1343
1439 389 1500 452 105

152 566 345 646 [Cambrorum
370 568 632 647 promuntum'ulm,
659 567 709 628 sed
737 565 800 647 ipse
826 565 996 645 improbans
1023 573 1143 645 propter
1164 565 1251 646 spatii
1272 567 1436 646 angustias,
1464 568 1502 630 ad

153 675 285 750 [marnam
318 670 463 748 Seoomlm
496 672 545 751 (cl.
568 670 679 748 Plinius
709 672 743 740 4,
773 669 826 744 13,
850 669 904 746 96)
939 667 1097 749 llauptius‚
1134 670 1173 732 ad
1206 670 1308 747 [orrum
1343 669 1502 749 Codaaulm

47 755 56 774 ”
153 775 303 854 Bergidae,
327 794 394 836 curn
416 775 452 836 de
474 794 505 836 re
528 794 564 836 ne
587 783 650 836 tum
674 773 792 853 quidem
816 771 941 834 dubitari
964 780 1072 853 posset.

252 876 405 938 l'ertineut
431 877 502 938 haec
527 877 562 956 ad
592 876 806 972 expeditionem
834 875 1036 938 Germanicam
1067 876 1110 938 Ti.
1134 877 1263 939 Caesaris
1291 897 1316 939 a.
1339 899 1366 941 u.
1388 898 1413 941 c.
1430 878 1500 941 758.

152 981 221 1042 Vell.
238 981 273 1054 2,
298 981 372 1042 106;
401 980 511 1052 classes,
541 1001 612 1064 prae
639 985 739 1044 oceani
764 983 1054 1060 caeomnaoipaaeror
1081 983 1177 1054 emas,
1204 981 1240 1042 ab
1268 983 1394 1044 inaudito
1419 995 1501 1063 atque

151 1089 289 1165 r'acopm'to
311 1095 376 1146 ante
397 1087 475 1146 mari
493 1084 613 1163 [lumina
636 1085 700 1147 Albi
719 1083 851 1146 subvecta
873 1087 1011 1146 coarctem
1026 1082 1195 1164 Caesarique
1210 1089 1356 1147 seiunxit.
1389 1085 1501 1148 Plinius

152 1188 180 1248 h.
197 1205 226 1248 n.
243 1186 272 1260 2,
295 1187 347 1260 67,
371 1189 444 1249 167:
467 1189 692 1268 septentrionalis
714 1205 836 1250 oceanus
858 1191 965 1250 maiora
987 1205 1024 1249 τα
1042 1198 1126 1268 parte
1148 1194 1296 1269 υοοίηοίατ
1317 1199 1356 1252 est
1371 1194 1502 1270 auspiciis

153 1293 213 1352 da'oi
236 1291 368 1372 Amasti,
398 1291 581 1354 Germaniam
610 1292 697 1354 classe
726 1296 913 1354 circumvecta
941 1291 978 1352 ad
1007 1289 1190 1354 Cimbrorum
1215 1297 1448 1375 muneratorium
1476 1305 1502 1356 et

151 1395 217 1455 riade
242 1398 376 1456 τ’νανατατο
402 1401 480 1458 mari
502 1409 647 1476 prospecto
674 1406 725 1457 out
745 1398 828 1475 famo
850 1399 958 1475 capuita
981 1394 1140 1474 Scythicam
1163 1395 1201 1457 ad
1219 1396 1334 1476 plepem
1356 1408 1383 1458 et
1403 1415 1502 1458 umore

151 1501 238 1560 nimio
258 1501 388 1578 ripuaria.
426 1499 613 1562 Cimbrorum
636 1501 671 1562 ad
687 1499 853 1578 Augustum
876 1497 1049 1577 legationem
1073 1499 1167 1578 tangit
1189 1499 1276 1560 etiam
1293 1499 1398 1560 Strabo
1421 1501 1449 1574 7,
1472 1499 1501 1574 2,

153 1605 165 1662 1
186 1622 215 1682 p.
231 1600 307 1664 293:
330 1601 506 1685 (Κίμβροι)
528 1599 686 1686 ἔπεμψαν
707 1601 754 1684 τῷ
769 1599 924 1682 Σεβαστῷ
946 1598 1053 1684 δῶρον
1074 1595 1133 1664 τόν
1156 1597 1330 1684 ἳερώτατον
1345 1601 1428 1686 παρ’
1443 1597 1502 1665 αὖ·

150 1715 222 1778 τοῖς
242 1701 373 1788 λέβητα,
396 1702 588 1788 αἰτούμενοι
614 1702 731 1788 φιλίαν
752 1703 809 1766 καὶ
830 1701 1012 1786 ἀμνηστίαν
1026 1703 1088 1766 τῶν
1103 1699 1331 1788 ὑπηργμένων·
1354 1701 1502 1784 τυχόντες

152 1807 189 1870 di
217 1799 261 1872 ὦν
287 1801 400 1891 ἠξίουν
423 1804 564 1892 ἀπῆραν.
607 1809 665 1871 llos
688 1809 825 1888 degentes
847 1809 1009 1870 secuudum
1031 1809 1232 1871 Ptolemaeum
1256 1809 1299 1890 (2,
1324 1812 1372 1882 11,
1397 1809 1449 1883 12)
1471 1811 1501 1872 in

151 1921 281 1973 extrema
302 1911 444 1974 lutlandia
467 1932 566 1974 errore
587 1914 692 1975 Strabo
715 1914 758 1992 (7,
775 1914 802 1983 1,
819 1913 838 1974 3
854 1932 882 1992 p.
899 1911 977 1986 2913
1000 1914 1029 1986 7,
1052 1912 1081 1986 2,
1105 1915 1124 1974 4
1139 1933 1167 1993 p.
1184 1913 1259 1992 294)
1274 1913 1352 1975 inter
1366 1913 1501 1977 Rhenum

151 2026 181 2078 et
202 2016 298 2077 Albim
326 2017 448 2078 collocat
471 2015 520 2090 (cl.
544 2017 634 2079 Zeuss
656 2037 684 2096 p.
703 2017 790 2094 145),
818 2016 956 2096 deceptus
984 2015 1088 2096 opinor
1111 2035 1159 2089 eo,
1189 2017 1266 2096 quod
1289 2037 1348 2097 quo
1371 2027 1502 2099 ternpore

151 2120 262 2182 Cimbri
292 2119 449 2182 amicitiam
478 2120 578 2201 populi
601 2119 725 2182 Romani
752 2119 917 2200 petierunt,
948 2119 1092 2181 exercitus
1114 2120 1265 2182 Romanus
1288 2121 1383 2183 Albim
1406 2132 1503 2184 traus-

151 2243 269 2303 gressus
290 2243 350 2284 non
372 2231 432 2298 est3
456 2225 534 2286 unde
556 2225 697 2304 populum
721 2225 801 2285 hunc
822 2223 900 2285 sicut
921 2223 993 2286 alios
1016 2224 1118 2286 eodem
1141 2234 1272 2304 tempore
1294 2225 1330 2286 ad
1345 2225 1502 2288 amicitiam

151 2348 179 2408 p.
195 2327 229 2387 ll.
252 2327 404 2389 adiunctos
432 2327 555 2389 credidit
576 2347 641 2389 esse
663 2347 680 2389 a
702 2326 820 2389 sinistra
842 2327 924 2389 fluvii
947 2327 1036 2389 Albis.
1079 2329 1117 2388 At
1138 2337 1168 2389 et
1190 2327 1284 2407 tetigit
1305 2347 1387 2390 oram
1411 2330 1503 2408 magis

151 2430 406 2511 septentrionalem
429 2430 460 2491 in
483 2449 517 2492 ea
539 2429 720 2511 expeditione
743 2431 843 2492 classis
859 2431 990 2492 Romana
1013 2440 1041 2492 et
1063 2450 1098 2492 ex
1118 2431 1183 2511 ipso
1200 2441 1392 2494 monumento
1407 2433 1502 2514 Ancy-

150 2553 222 2595 rano
249 2533 394 2614 colligitur
420 2533 511 2596 luisse
538 2533 671 2596 Cimbros
704 2542 784 2596 trans
806 2533 920 2606 Albim;
947 2552 1015 2594 narn
1039 2534 1213 2614 populorum
1236 2535 1314 2597 iutra
1336 2537 1409 2597 lines
1431 2556 1503 2597 con-

150 2637 321 2698 stitutorum
348 2637 507 2716 legationes
529 2639 610 2699 nullo
633 2637 697 2698 loco
716 2636 757 2698 ibi
774 2647 975 2699 memorantur
989 2655 1043 2698 nec
1058 2638 1214 2700 memorari
1230 2638 1403 2712 debuerunt,
1426 2638 1503 2701 liniri

150 2748 247 2801 autern
275 2739 431 2820 imperium
461 2741 625 2802 llomanum
654 2760 685 2802 aa
713 2748 806 2801 aetate
828 2740 893 2800 Albi
920 2739 1008 2802 durio
1031 2741 1117 2802 modo
1139 2743 1181 2822 (p.
1206 2742 1279 2822 103)
1302 2742 1438 2804 vidimus.
1460 2777 1502 2786 -

151 2842 299 2904 Charudes
327 2843 414 2922 (quos
439 2844 641 2924 quadratarius
664 2843 835 2925 Ancyranus
858 2844 1005 2925 Charydes
1027 2844 1118 2924 magis
1140 2865 1204 2907 esse
1227 2845 1332 2918 voluit,
1359 2845 1502 2926 interpres

150 2946 222 3008 adeo
245 2946 369 3007 Graecae
399 2947 584 3009 fabulationis
607 2948 682 3009 male
712 2965 827 3010 memor
848 2948 878 3008 in
901 2948 1041 3029 Chalybes
1064 2949 1296 3028 transformarit)
1318 2949 1503 3010 Ptolemaeus

151 3049 192 3126 (2,
218 3051 266 3122 11,
292 3048 344 3128 12)
371 3051 492 3112 codocat
519 3051 549 3112 in
577 3053 677 3113 eadem
707 3051 877 3130 paeninsula
905 3051 961 3112 sub
983 3050 1123 3125 Cimbris3
1150 3062 1298 3132 praeterea
1322 3072 1380 3114 non
1403 3053 1503 3114 norni-

150 3161 266 3224 nantur‚
289 3152 348 3214 nisi
369 3153 447 3233 quod
470 3153 547 3216 inter
569 3155 693 3234 populos
716 3153 862 3217 exercitus
877 3153 1014 3215 Ariovisti
1036 3163 1196 3216 occurrunt
1217 3154 1350 3218 Harudes
1365 3155 1458 3228 (Caes.
1474 3154 1501 3217 b.

150 3256 221 3317 Call.
240 3257 266 3317 1.
288 3257 338 3317 31.
360 3255 410 3316 37.
432 3259 490 3331 51;
517 3261 553 3318 ct.
575 3257 666 3319 Zeuss
696 3277 724 3337 p.
748 3257 831 3332 152.)
859 3293 900 3302 -
929 3258 1090 3320 Semnones
1118 3266 1220 3320 notum
1250 3267 1295 3320 est
1318 3259 1405 3321 luisse
1427 3259 1503 3322 inter

150 3359 246 3421 Albim
269 3369 299 3422 et
321 3359 459 3422 viadrum
482 3360 532 3440 (cl.
555 3361 645 3423 Zeuss
667 3381 695 3442 p.
718 3360 777 3422 130
790 3361 858 3440 aqi.

174 3585 238 3628 mr.
255 3566 284 3641 5,
300 3585 326 3630 rs
344 3587 369 3629 ra
397 3567 460 3628 lileo
481 3566 565 3630 iussit
587 3576 617 3629 et
642 3566 772 3647 auspicio
800 3565 880 3628 ducti
910 3574 981 3628 sunt
1006 3564 1011 3648 Ι
1036 3566 1112 3646 [duo]
1141 3569 1285 3631 exercitds
1311 3570 1414 3632 eddem
1443 3575 1504 3634 lere

336 3689 363 3732 ao
392 3679 525 3751 tempore
547 3671 578 3732 in
592 3670 775 3751 Aethiopiam
798 3670 1062 3749 etinArla1biam‚
1085 3691 1161 3752 quae
1181 3669 1373 3753 appelltlatur]
1395 3673 1503 3735 eudae-

337 3793 361 3835 ar
393 3775 471 3848 uada,
501 3776 720 3854 [maaimlaeque
751 3772 900 3854 hos[t]ium
924 3775 1019 3853 gentis
1041 3776 1214 3856 utr[a'a]sque
1236 3778 1356 3857 captiae]
1380 3777 1504 3857 {caesae

362 3941 365 3950 ,
390 3888 460 3940 sunt
486 3879 516 3940 in
538 3879 599 3940 acie
621 3889 650 3940 et
673 3877 862 3958 [clomplurla
886 3877 990 3959 oppida
1013 3888 1104 3959 capta.
1148 3879 1181 3941 ln
1203 3879 1386 3961 Aethiopiam
1410 3899 1503 3960 usque

336 4001 363 4044 aa
390 3981 426 4042 ad
448 3981 595 4064 oppildum
619 3983 728 4044 Nabata
750 3984 941 4064 perventpam]
964 3991 1019 4056 est,
1042 3983 1089 4044 cui
1111 3981 1243 4063 proxima
1266 3992 1312 4045 est
1326 3982 1432 4045 llerod.
1469 3984 1502 4046 ln

338 4103 365 4147 aa
393 4084 527 4146 Arabiam
557 4083 678 4169 usque!
706 4088 737 4147 ln
768 4086 844 4148 lines
872 4085 1050 4149 Sabaeorum
1079 4087 1237 4168 pro[cees]it
1269 4087 1434 4164 exerclitlus
1467 4087 1503 4150 ad

395 4187 536 4268 oppidum
559 4188 676 4252 Mariba.
699 4193 717 4265 ξ
736 4188 741 4271 1

169 4308 214 4351 aa.
232 4291 280 4364 14,
297 4309 321 4352 tr
340 4311 365 4354 re
387 4285 468 4378 Ἐμῇ
490 4289 631 4382 ἐπιταγῇ
653 4293 708 4355 καὶ
732 4293 865 4366 eiurata
895 4291 1028 4371 αίσίΙοτς
1057 4291 1118 4357 δύο
1147 4290 1372 4376 στρατεύματα
1399 4290 1502 4377 ἐπέβη

337 4412 363 4454 aa
395 4395 576 4475 Αἰθιοπίᾳ
603 4395 658 4458 καὶ
682 4391 823 4478 Ἀραβίᾳ
846 4394 851 4476 l
875 4396 914 4484 τῇ
942 4387 1117 4478 εὐδαίμονι
1147 4395 1329 4482 καλουμένῃ
1357 4393 1502 4480 μεγάλας

335 4515 363 4559 ao
388 4519 423 4560 aa
450 4498 515 4561 ruia
542 4497 723 4580 ποῐλεμίων
749 4496 906 4581 δυνάμεις
935 4501 1117 4584 κατέκοψεν
1144 4497 1180 4563 ἐν
1207 4497 1390 4584 παρατάξει
1423 4499 1503 4587 καὶ)

291 4617 317 4662 21
335 4617 363 4661 aa
390 4599 549 4674 πλείστας
565 4598 680 4676 πόλεις
694 4600 917 4686 δοριαλώτους
929 4601 1046 4685 ἔλαβεν
1056 4603 1112 4665 καὶ
1125 4605 1260 4688 προξέβη
1273 4603 1309 4669 ἐν
1324 4605 1503 4685 Λίθιοπίᾳ

334 4723 361 4766 aa
389 4705 483 4787 μέχρι
518 4701 647 4779 πόλεως
679 4701 849 4788 Ναβάτης,
883 4701 955 4792 ἥτις
984 4707 989 4787 Ι
1019 4705 1109 4770 ἐστὶν
1132 4704 1266 4784 ἔνγιστα
1290 4704 1404 4793 Μερόη
1428 4709 1502 4789 (sic),

334 4823 360 4868 aa
388 4805 424 4870 ἓν
441 4802 580 4890 Ἀραβίᾳ
602 4805 639 4870 δὲ
661 4805 755 4891 μέχρι
779 4804 916 4888 πόλείως
940 4811 1108 4892 Μαρίβας.
