3656 5434
323 361 385 426 148
672 446 676 453 Ι
912 357 960 426 Vl,
982 359 1085 414 13-‘23

318 563 373 605 nec
387 553 519 624 tempore
535 541 696 620 praefinito,
713 540 842 620 primum
860 540 1009 601 universas
1025 541 1138 602 senatui
1153 540 1287 614 reddidit,
1312 541 1414 603 deiude
1431 552 1543 622 partem
1559 563 1670 614 earum,

318 647 458 709 nimirum
486 665 535 707 eas
561 663 635 724 quae
658 643 793 724 deinceps
816 643 947 705 Caesaris
970 644 1026 705 diei
1047 654 1166 726 coeptae
1188 654 1274 718 sunt,
1302 646 1343 706 ita
1365 647 1482 726 recepit,
1507 657 1541 708 ut
1561 648 1596 708 ad
1618 648 1673 707 de-

318 751 455 812 cennium
477 750 514 811 iis
536 757 684 830 praeesset
705 747 769 813 loco
787 747 1001 826 proconsulari,
1026 757 1060 809 ut
1081 748 1107 808 si
1128 767 1187 810 non
1210 767 1286 820 vere,
1310 757 1388 810 certe
1410 769 1471 811 non
1494 750 1558 811 sine
1574 749 1671 830 specie

317 855 377 914 veri
400 853 454 915 dici
476 860 577 933 posset
603 851 661 912 iam
684 851 849 929 Augustum
881 850 944 913 iure
972 870 1031 912 non
1062 852 1178 912 dillerre
1200 871 1215 912 a
1239 853 1342 914 ceteris
1364 853 1434 913 viris
1457 853 1670 924 consularibus

316 957 366 1036 qui
396 977 412 1018 a
439 966 542 1018 senatu
569 953 748 1037 provinciam
771 953 976 1016 obtinuissent
1022 955 1163 1016 Similiter
1185 955 1214 1016 in
1237 956 1356 1036 reliquis
1379 975 1496 1036 quoque
1518 959 1670 1036 Augustus

316 1070 382 1142 post
408 1060 573 1142 depositum
603 1057 864 1120 extraordinarium
893 1058 935 1120 rei
965 1057 1097 1139 publicae
1124 1058 1345 1120 constituendae
1372 1059 1542 1131 arbitrium,
1569 1060 1671 1121 idest

314 1174 382 1244 post
408 1165 525 1225 finitum
554 1162 784 1234 triumuiratum,
813 1170 983 1222 contentum
1014 1181 1044 1222 se
1071 1162 1111 1222 ait
1138 1161 1227 1222 luisse
1256 1161 1319 1222 iure
1347 1163 1507 1234 ordinario,
1538 1163 1667 1225 utitem

314 1277 398 1329 antea
422 1268 483 1345 (Gr.
499 1266 528 1340 3,
553 1267 604 1340 l‘l)
629 1273 752 1325 testatus
775 1274 820 1325 est
842 1265 956 1326 nullum
979 1265 1181 1344 magistratum
1206 1274 1307 1326 eontra
1329 1267 1439 1346 patrios
1454 1286 1553 1328 mores
1568 1286 1669 1346 gerere

314 1391 344 1433 se
374 1370 500 1432 voluisse
528 1377 558 1430 et
583 1377 736 1448 propterea
765 1387 865 1429 curam
887 1368 984 1448 legum
1012 1377 1042 1429 et
1070 1386 1187 1429 morum
1215 1378 1260 1430 ter
1286 1369 1340 1429 sibi
1364 1369 1488 1430 oblatam
1513 1381 1557 1431 ter
1579 1389 1669 1451 repu-

314 1474 415 1536 diasse.
460 1473 497 1534 Et
522 1490 589 1534 vere
615 1472 645 1532 id
665 1471 815 1550 Augustus
838 1472 1002 1548 contendit3
1029 1473 1079 1533 sed
1102 1482 1210 1545 tamen,
1234 1491 1271 1533 ne
1293 1472 1418 1534 nimium
1442 1474 1547 1536 dixisse
1569 1473 1668 1535 videa-

314 1597 396 1651 mur,
429 1575 592 1638 accuratius
626 1575 722 1655 paullo
755 1593 803 1636 res
836 1575 998 1636 delinienda
1031 1585 1076 1637 est
1102 1587 1132 1638 et
1159 1576 1358 1638 moderatione
1385 1578 1509 1657 quadam
1539 1577 1667 1639 adbibita

313 1681 512 1762 temperanda.
555 1679 627 1740 Nam
655 1679 700 1740 vel
726 1697 762 1739 ex
789 1679 849 1739 sola
871 1678 933 1758 lege
955 1680 990 1740 de
1012 1679 1136 1760 imperio
1158 1679 1327 1760 Vespasiani
1348 1689 1464 1742 constat
1486 1699 1545 1742 non
1569 1681 1665 1742 solum

312 1785 457 1866 plerisque
479 1783 591 1862 legibus
612 1783 725 1862 plebive
747 1782 828 1842 scitis
851 1783 1004 1863 exceptum
1028 1783 1128 1856 luisse,
1152 1802 1188 1844 ue
1203 1785 1353 1862 Augustus
1377 1783 1412 1845 iis
1429 1794 1589 1858 teneretur,
1612 1785 1664 1845 sed

310 1889 398 1949 etiam
421 1890 552 1967 Augusto
584 1887 647 1965 lege
672 1886 789 1947 licuisse
815 1887 917 1947 foedus
947 1889 1056 1960 lacere,
1079 1905 1146 1948 cum
1174 1887 1283 1966 quibus
1310 1887 1409 1961 vellet,
1439 1897 1573 1950 senatum
1596 1907 1664 1948 eum

310 1991 417 2052 babere
439 1990 570 2070 potuisse
592 2009 660 2051 cum
683 1989 768 2050 redet
790 2007 827 2050 ne
849 1989 977 2068 legitima
999 1990 1118 2070 quidem
1149 1990 1294 2052 edictione
1322 1991 1486 2066 observata,
1516 1991 1548 2052 in
1571 1991 1665 2070 magi-

310 2095 450 2156 stratibus
477 2093 608 2154 creandis
636 2111 752 2164 eorum,
776 2111 850 2171 quos
872 2093 1043 2172 sullragium
1064 2093 1227 2155 ferentibus
1249 2094 1400 2172 Angustus
1422 2093 1665 2165 commendasset,

310 2179 374 2260 iure
402 2207 482 2259 extra
509 2196 641 2257 ordinem
670 2195 814 2257 rationem
841 2196 1003 2257 habendam
1032 2198 1135 2269 luisse,
1163 2197 1287 2276 denique
1314 2197 1360 2258 ius
1382 2205 1614 2276 potestatemque
1637 2197 1665 2256 ei

252 2305 256 2313 '
310 2304 400 2364 luisse
422 2322 506 2382 agere
527 2304 621 2363 lacere
643 2318 844 2380 quaecumque
866 2299 1029 2361 divinarum
1053 2301 1247 2362 humanarum
1271 2301 1452 2381 publicarum
1469 2300 1664 2380 privatarum·

310 2426 367 2486 que
399 2424 498 2468 rerum
534 2426 570 2466 ex
601 2425 657 2466 usu
684 2405 726 2465 rei
753 2403 884 2484 publicae
910 2423 974 2464 esse
1001 2403 1178 2477 censuissem
1208 2406 1284 2483 quod
1312 2403 1359 2465 ins
1386 2415 1452 2484 apte
1480 2403 1664 2464 concluditur

310 2508 480 2569 delinitione
503 2508 610 2570 Gaiana
633 2507 675 2588 (1,
700 2507 731 2585 5)
754 2526 909 2588 numquam
932 2507 1091 2568 dubitatum
1113 2527 1178 2578 esse,
1202 2513 1270 2590 quia
1291 2509 1321 2570 id
1344 2509 1418 2588 quod
1439 2512 1593 2588 superator
1612 2506 1663 2567 de-

310 2623 383 2673 creto
414 2613 458 2673 vel
485 2612 571 2672 edicto
597 2611 643 2672 uel
668 2613 790 2690 epistula
813 2615 1009 2683 constituisset,
1038 2611 1105 2692 lepis
1126 2616 1214 2672 vicem
1236 2613 1380 2672 obtineret.
1424 2610 1584 2690 Imperium
1607 2611 1663 2670 boc

310 2715 376 2776 licet
410 2735 465 2776 uec
490 2734 522 2776 re
550 2733 604 2775 nec
632 2723 762 2794 tempore
790 2733 845 2775 nec
871 2715 934 2775 loco
963 2714 1079 2775 linitum
1107 2723 1137 2774 et
1163 2715 1424 2775 extraordinarium
1457 2714 1498 2774 vel
1526 2713 1662 2782 maxime,

308 2818 399 2878 nibilo
429 2819 527 2880 minus
554 2817 729 2898 applicatum
759 2818 974 2896 quodammodo
1003 2818 1039 2878 ad
1061 2817 1182 2896 imperia
1205 2817 1350 2879 ordinaria
1371 2818 1503 2897 Augusto
1526 2817 1662 2877 mandata

309 2921 373 2981 iuro
395 2920 431 2981 ab
452 2921 487 2982 iis
510 2920 657 3000 pependit.
694 2920 839 2982 Nimirum
861 2922 1010 2999 Augustus
1032 2921 1146 3000 legibus
1169 2921 1334 2984 solvebatur
1356 2941 1416 2983 nou
1439 2921 1585 2994 omnibus,
1609 2921 1661 2981 sed

309 3024 343 3084 iis
376 3024 483 3103 quibus
517 3043 590 3104 opus
624 3025 693 3093 suit,
727 3025 767 3086 ita
799 3043 866 3084 cum
894 3024 921 3084 ei
949 3025 1015 3086 data
1041 3034 1087 3086 est
1113 3025 1329 3104 proconsularis
1357 3033 1486 3103 potestas
1515 3023 1545 3083 in
1573 3023 1660 3084 certis

307 3127 483 3206 quibusdam
511 3127 681 3207 provinciis,
716 3128 776 3207 lege
804 3146 851 3196 ea,
881 3145 918 3187 ne
944 3127 1101 3214 proconsul
1130 3127 1160 3188 in
1188 3127 1261 3189 urbe
1290 3136 1453 3188 moraretur
1479 3145 1551 3187 nere
1579 3137 1659 3188 extra

307 3230 486 3310 provinciam
512 3231 690 3292 constitutus
712 3231 876 3312 provinciae
898 3241 1060 3310 praeesset,
1088 3232 1158 3292 item
1183 3249 1250 3292 cum
1274 3229 1461 3291 tribuniciam
1484 3237 1658 3310 potestatem

307 3334 432 3418 accepit,
460 3353 507 3408 ea,
535 3353 572 3395 ue
600 3334 739 3414 patricius
768 3335 856 3396 bomo
883 3333 913 3394 in
937 3334 1074 3396 subsellio
1097 3335 1254 3396 tribunicio
1276 3333 1450 3395 consideret
1495 3334 1568 3394 ltem
1591 3352 1659 3394 cum

306 3437 341 3496 'ad
364 3437 505 3516 populum
528 3441 662 3512 serretur,
686 3447 720 3499 ut
742 3438 787 3499 ius
810 3439 835 3499 ei
859 3447 937 3499 esset
956 3437 1035 3517 pacis
1051 3437 1185 3518 bellique,
1209 3438 1293 3500 cuius
1308 3437 1379 3517 legis
1395 3436 1575 3498 mentionem
1591 3437 1660 3497 lacit

307 3540 425 3614 Strabo,
452 3551 482 3603 et
508 3540 678 3620 privilegiis,
706 3560 780 3622 quae
809 3559 898 3621 supra
926 3560 960 3601 ex
988 3542 1051 3620 lege
1080 3542 1116 3602 de
1139 3542 1315 3622 Vespasiano
1343 3541 1510 3614 attulimus,
1538 3539 1659 3619 aliisque

305 3644 450 3706 similibus
483 3655 517 3706 ut
548 3653 694 3720 uteretur,
731 3647 881 3724 Augustus
908 3645 1099 3706 nibilominus
1127 3646 1296 3706 adseverare
1329 3644 1426 3725 potuit
1459 3643 1659 3705 extraordina-

305 3748 381 3809 rium
406 3748 451 3808 ius
475 3767 506 3809 se
528 3748 665 3810 babuisse
690 3749 887 3822 triumvirum,
909 3759 1010 3829 postea
1033 3749 1179 3810 ordinario
1202 3749 1265 3810 iure
1288 3767 1320 3808 se
1344 3767 1430 3810 usum
1452 3767 1525 3822 esse,
1549 3747 1660 3809 scilicet

305 3851 466 3932 posteriore
489 3861 620 3932 tempore
642 3853 752 3914 nullam
775 3852 832 3913 iam
856 3861 1029 3932 potestatem
1054 3871 1084 3912 se
1107 3852 1258 3926 babuisse,
1281 3871 1356 3931 quae
1378 3871 1431 3912 sna
1453 3850 1481 3911 ri
1503 3859 1533 3912 et
1553 3860 1658 3912 natura

304 3956 530 4016 extraordinaria
560 3966 652 4031 esset3
680 3965 839 4036 potestates
868 3955 922 4016 sibi
950 3956 1101 4017 mandatas
1128 3957 1247 4017 nomine
1277 3954 1436 4016 ordinarias
1464 3955 1503 4015 ita
1532 3954 1658 4016 crevisse

304 4058 442 4120 clausulis
462 4059 590 4133 adiectis,
613 4069 648 4120 ut
668 4059 827 4138 legitimam
842 4069 1016 4140 potestatem
1033 4059 1154 4120 baberet
1168 4058 1287 4138 reliquis
1304 4057 1521 4137 magistratibus
1537 4059 1658 4119 omnino

305 4162 443 4224 maiorem
467 4172 503 4252 'et
530 4183 546 4223 a
574 4171 718 4242 potestate
749 4163 921 4224 triumvirali
948 4183 982 4224 eo
1013 4173 1125 4224 tanturm
1154 4163 1314 4230 diversam,
1342 4161 1419 4238 quod
1447 4162 1510 4221 sine
1537 4161 1658 4222 nomine

302 4276 389 4340 esset,
412 4285 471 4327 non
494 4275 588 4346 negat,
611 4268 703 4328 immo
725 4267 765 4328 ait
787 4268 849 4348 ipse
871 4267 938 4327 alibi
961 4267 1023 4346 (Gr.
1040 4266 1068 4340 3,
1093 4268 1132 4328 19
1145 4273 1200 4346 sq.)
1223 4264 1388 4343 significans
1403 4265 1565 4343 posteriore
1581 4273 1658 4324 tem-

302 4387 373 4449 pore
401 4369 426 4430 si
452 4389 508 4448 qua
535 4381 615 4432 cxtra
638 4371 770 4431 ordinem
794 4369 848 4431 sibi
871 4369 1044 4449 perlicienda
1067 4379 1179 4443 essent,
1207 4391 1239 4430 ea
1261 4367 1407 4448 peregisse
1431 4387 1462 4428 se
1484 4386 1539 4448 ope
1563 4369 1658 4430 tribu-

302 4473 393 4534 niciae
415 4474 577 4554 potestatis.
613 4473 720 4535 lisdem
744 4478 803 4534 lere
834 4473 929 4534 verbis
951 4473 1068 4534 Tacitus
1092 4473 1172 4553 (aun.
1192 4475 1223 4545 1,
1242 4475 1269 4533 1.
1286 4471 1317 4544 2)
1333 4471 1524 4552 posteriorem
1541 4471 1657 4552 imperii

302 4585 414 4656 partem
447 4577 606 4658 respiciens
634 4581 799 4657 Augustum
828 4577 929 4638 scribit
957 4578 1106 4638 consulem
1137 4596 1167 4637 se
1196 4571 1339 4637 terentem
1362 4584 1392 4635 et
1415 4574 1561 4636 tribunicii
1584 4575 1657 4636 iuris

301 4681 397 4761 specie
428 4681 577 4762 paullatim
612 4681 806 4743 insurrexisse
839 4679 995 4760 muniaque
1028 4689 1148 4742 senatus
1182 4681 1406 4760 magistratuum
1438 4679 1535 4758 legum
1564 4679 1595 4739 in
1624 4699 1656 4740 se

303 4785 432 4858 traxisse,
455 4784 582 4864 denique
604 4785 724 4846 nomine
746 4785 886 4866 principis
909 4795 1014 4846 cuncta
1036 4785 1091 4845 sub
1113 4784 1272 4866 imperium
1292 4783 1448 4863 accepisse.
1490 4783 1533 4844 lta
1555 4791 1657 4844 auctor
