3730 5434
802 383 825 448 1,
844 380 949 434 nu-eo
1506 386 1545 448 21

202 561 294 624 maior
320 561 348 622 ei
374 559 525 642 obtigerat.
569 561 643 622 Eum
672 569 770 622 autem
799 579 957 624 numerum
984 561 1069 623 nobis
1095 579 1155 623 non
1177 561 1279 622 datum
1301 571 1347 624 est
1368 581 1549 644 recuperare,

201 683 256 726 nee
283 673 396 727 certum
425 684 492 727 eum
520 665 549 726 in
577 663 672 726 indice
698 664 884 728 enuntiatum
906 665 1006 727 fuisse.
1050 665 1130 738 Quae
1153 675 1359 728 remanserunt
1380 667 1467 729 rerba
1489 685 1548 729 non

201 768 239 830 ita
266 768 427 848 supplenda
454 787 531 842 esse,
561 777 595 830 ut
620 768 715 831 adhuc
739 771 800 830 tere
823 767 1026 849 explebantur:
1049 771 1085 848 [et
1106 769 1300 833 tantummodo
1323 772 1449 848 luceolos,
1477 771 1550 852 lapis

201 871 300 933 docuit
326 874 490 935 accuratius
517 871 683 952 inspectus3
712 889 779 932 nam
810 880 878 952 post
905 872 1031 952 spatium
1060 872 1164 934 litteris
1193 891 1315 935 vacuum
1344 874 1477 954 sequitur
1500 871 1550 943 ..L

200 974 351 1037 residuum
374 995 410 1037 ex
431 975 526 1037 littera
550 996 557 1034 r
581 975 626 1036 vel
648 995 663 1035 n
686 976 729 1036 rel
752 995 782 1046 n,
804 994 862 1037 non
879 995 914 1036 ex
930 995 1032 1048 εντα,
1055 975 1159 1037 deinde
1174 985 1241 1056 post
1256 976 1368 1039 hiatum
1385 978 1548 1041 litterarum

89 1157 93 1165 .
201 1073 353 1141 duodecim
376 1099 615 1141 vs·osr0svr.
654 1077 731 1140 llaec
754 1077 869 1139 diverso
891 1077 978 1139 modo
1001 1077 1110 1158 expleri
1131 1087 1284 1160 poterunt,
1311 1081 1436 1162 exempli
1462 1101 1548 1144 causa

200 1183 277 1262 illem
305 1201 387 1264 saepo
415 1183 525 1262 lourlru
550 1183 595 1244 vel
621 1183 659 1261 a'[s
684 1199 721 1243 en
750 1181 830 1244 bellis
856 1179 981 1260 lour]us;
1009 1181 1064 1243 boo
1091 1181 1238 1245 sinerum
1262 1191 1315 1258 est,
1338 1185 1487 1264 Augustus
1510 1185 1551 1248 ait

200 1307 234 1349 eo
256 1287 367 1350 bonore
390 1295 453 1348 tum
477 1295 591 1348 tanturn
615 1305 646 1347 se
668 1303 753 1346 usum
777 1303 941 1358 esserum
965 1283 1114 1365 triumpho
1137 1286 1253 1349 decreto
1273 1287 1314 1348 uti
1337 1288 1436 1350 nollet.
1474 1290 1549 1352 Ante

199 1395 231 1451 ιἰι
258 1389 395 1471 Capitolio
426 1388 617 1452 interstitium
648 1387 779 1450 cernitur
804 1396 834 1450 et
861 1387 986 1468 virgula,
1025 1396 1057 1450 ut
1085 1408 1119 1451 ea
1145 1389 1233 1451 rerba
1262 1408 1330 1452 cum
1360 1391 1550 1471 sequentibus

199 1493 319 1574 iungere
347 1511 499 1573 cogamur,
535 1492 592 1554 nisi
624 1495 699 1553 forte
725 1491 849 1573 placebit
877 1510 945 1554 eum
974 1491 1096 1572 Berglrio
1124 1491 1250 1572 cogitare
1279 1492 1314 1554 de
1340 1492 1422 1573 lapsu
1445 1493 1549 1556 labrili.
1635 1557 1638 1564 ,

200 1597 432 1660 -Graecorum
454 1595 593 1677 reliquiae
615 1595 734 1675 exiguae
756 1595 803 1656 vix
826 1595 912 1658 ullam
937 1594 1092 1656 utilitatem
1109 1595 1231 1668 babent3
1253 1596 1548 1676 quodlegiturr.12

199 1707 283 1774 extr„
298 1708 394 1780 potest
408 1699 499 1762 luisse
517 1697 562 1779 [ἐκ
575 1691 702 1762 τούτων
720 1699 785 1762 τῶν
807 1697 969 1781 notemur
989 1696 1047 1781 τήν
1059 1694 1222 1782 [ddpqup
1242 1719 1269 1759 v.
1288 1699 1325 1760 13
1342 1709 1414 1761 extr.
1431 1719 1549 1762 reman-

199 1803 238 1865 sit
260 1801 335 1882 [ιὰ]ς
356 1794 462 1881 εὐχάς.
575 1793 578 1849 Ῐ

299 1906 482 1986 Quamquam
510 1907 545 1969 ad
572 1906 676 1968 indicis
699 1906 785 1968 rerba
806 1913 886 1967 recte
907 1903 1073 1986 accipienda
1095 1904 1125 1966 id
1154 1923 1213 1968 non
1242 1905 1378 1987 pertinet,
1407 1925 1467 1968 non
1497 1907 1549 1969 abs

199 2030 232 2072 re
254 2010 310 2072 erit
331 2028 479 2091 quaerere,
501 2011 550 2090 qui
572 2018 686 2090 praeter
708 2009 869 2090 principem
893 2028 925 2070 ea
948 2017 1041 2071 aetate
1062 2008 1207 2071 consulari
1231 2008 1410 2090 praeteriere
1425 2009 1549 2091 imperio

200 2112 365 2186 utebantur,
388 2120 487 2174 utrum
510 2112 545 2174 ad
568 2123 701 2174 votorum
725 2111 973 2193 nuncupationem
995 2112 1190 2192 lictorumque
1212 2112 1248 2174 ad
1274 2121 1386 2193 portam
1408 2113 1549 2193 adsump-

201 2217 312 2296 tionem
336 2216 515 2296 egredientes
537 2216 657 2278 admissi
678 2215 739 2278 sint
760 2217 888 2296 itemque
910 2216 1107 2296 regredientes
1126 2216 1160 2278 ad
1178 2225 1311 2278 votorum
1328 2216 1502 2278 solutionem
1520 2225 1550 2279 et

199 2320 299 2382 laurus
335 2318 557 2399 depositionem.
613 2319 649 2380 Et
684 2320 875 2400 proconsules
913 2320 1031 2399 quidem
1064 2319 1174 2382 iustum
1208 2321 1363 2401 imperium
1398 2321 1548 2394 babentes,

198 2423 325 2486 maxime
353 2422 382 2484 in
410 2422 535 2484 Africam
563 2422 614 2503 qni
641 2423 833 2486 mittebantur
858 2431 925 2485 ante
948 2423 1069 2498 Gaium,
1098 2425 1161 2485 sine
1189 2422 1277 2485 dubio
1305 2423 1333 2484 in
1363 2423 1409 2484 his
1431 2441 1549 2502 quoque

199 2527 350 2607 antiquum
374 2525 420 2587 ius
442 2525 636 2588 retinuerunt.
673 2525 787 2607 Reliqui
808 2527 998 2608 proconsules
1020 2537 1053 2589 ut
1068 2526 1162 2607 gladio
1177 2525 1363 2606 (Stootsrerlrt
1379 2523 1414 2586 1²
1428 2545 1456 2606 p.
1474 2527 1548 2605 419)

198 2629 238 2692 ita
261 2648 296 2692 eo
316 2649 433 2710 quoque
455 2629 547 2710 magis
569 2628 704 2691 ridentur
718 2630 855 2692 caruisse.
887 2630 985 2711 Legati
1000 2631 1185 2712 imperatoris
1201 2648 1268 2692 cunr
1284 2628 1441 2709 imperium
1457 2629 1548 2690 habe-

199 2742 265 2795 rent
291 2753 344 2814 pro
375 2742 507 2814 praetore
534 2731 752 2812 (stooeoroeurt
775 2753 803 2816 p.
820 2733 904 2808 234),
927 2753 979 2816 per
1001 2753 1032 2795 se
1054 2735 1090 2796 ad
1112 2735 1198 2795 hasce
1221 2732 1410 2796 caerimonias
1432 2733 1548 2795 admitti

198 2844 366 2917 potuerunt,
390 2853 484 2915 neque
505 2834 573 2897 inde
595 2836 673 2916 quod
695 2835 879 2917 imperatoria
902 2844 994 2897 aetate
1016 2835 1053 2897 ab
1074 2836 1137 2917 ipso
1153 2836 1303 2916 triumpho
1318 2835 1549 2917 prohibebantur

198 2939 230 3017 (l.
247 2959 270 3001 c
289 2941 303 2999 1
329 2958 357 3019 p.
383 2938 474 3015 127),
502 2939 665 3001 necessario
692 2939 826 3019 sequitur
853 2938 939 3000 etiam
964 2939 1091 3002 minores
1113 2939 1168 3000 hoe
1190 2939 1317 3001 honores
1338 2938 1374 3001 iis
1396 2938 1548 3019 ademptos

198 3060 271 3104 esse.
315 3041 352 3102 Et
367 3042 525 3104 Suetonius
547 3042 664 3123 quidem
681 3043 760 3122 quod
776 3041 877 3104 scribit
891 3043 963 3122 dug.
980 3042 1037 3107 29:
1060 3047 1157 3104 saucit
1173 3041 1357 3122 (Augustus),
1373 3053 1404 3104 ut
1419 3043 1451 3104 de
1467 3043 1547 3105 deltis

198 3145 400 3227 mumplu'sque
421 3145 466 3208 lrr'c
489 3145 531 3221 (in
547 3146 616 3208 aede
632 3145 731 3207 llartis
747 3144 869 3224 Ultoris)
885 3146 1080 3208 comederetur
1095 3157 1216 3216 ταιααιε,
1236 3150 1398 3226 pronuncias
1413 3165 1477 3208 cum
1491 3149 1547 3206 r‘m-

196 3253 277 3329 perio
296 3251 416 3329 petituri
428 3249 491 3310 11νιι
508 3249 715 3311 deducerentur
729 3253 827 3331 quique
841 3253 957 3312 victores
972 3250 1116 3319 redissent,
1138 3249 1192 3311 boc
1206 3251 1327 3330 megetia
1340 3249 1549 3329 mumplorum

200 3352 363 3431 confer-rent
385 3359 414 3412 et
428 3351 599 3433 explicatius
613 3351 667 3414 Dio
689 3353 796 3426 55,1o
817 3351 1061 3432 interpririlegia
1083 3352 1176 3414 eidem
1200 3353 1262 3414 aedi
1284 3371 1310 3413 a.
1327 3351 1388 3412 752
1411 3351 1549 3414 attributa

197 3473 353 3516 recensens
375 3452 450 3526 τοὺς
471 3451 530 3517 ἐπὶ
551 3453 609 3528 τὰς
631 3451 732 3536 ἀρχὰς
754 3453 811 3527 τὰς
826 3449 988 3538 ἐνδήμους
1004 3451 1235 3539 στελλομένοις
1251 3453 1383 3517 ἐκεῖθεν
1398 3448 1549 3537 ἀφορμᾶ-

199 3560 284 3619 σθαι
306 3554 364 3631 τάς
384 3578 419 3619 τε
440 3553 569 3636 γνώμας
589 3557 647 3632 τὰς
669 3557 746 3639 περὶ
769 3558 831 3619 τῶν
853 3560 1049 3641 νικητηρίων
1070 3555 1139 3620 ἐκεῖ
1157 3557 1216 3643 τὴν
1230 3555 1352 3642 donique
1367 3560 1549 3621 ποιεῖσθαι

198 3659 253 3722 καὶ
281 3659 357 3733 τοὺς
383 3653 581 3744 πέμψαντας
615 3655 698 3722 αὐτὰ
729 3660 774 3740 τῷ
801 3655 888 3742 Ἄρει
922 3657 1025 3744 τούτῳ
1060 3659 1115 3723 καὶ
1148 3659 1184 3722 τὸ
1213 3662 1378 3744 σκῆπτρον
1406 3659 1463 3722 καὶ
1492 3659 1549 3722 τὸν

198 3765 362 3846 στέφανον
388 3758 586 3827 ἀνατιθέναι
614 3761 669 3825 καὶ
698 3758 842 3835 ἐκείνους
868 3783 904 3823 re
930 3761 985 3824 καὶ
1013 3761 1089 3837 τούς
1116 3759 1235 3836 ἄλλους
1260 3762 1338 3836 τοὺς
1359 3757 1418 3836 τὰς
1439 3760 1550 3827 ἐπινι-

198 3869 289 3939 κίους
315 3864 412 3948 τιμὰς
441 3863 669 3949 λαμβάνοντας
696 3863 731 3929 ἐν
756 3864 795 3949 τῇ
817 3857 923 3946 ἀγορᾷ
943 3862 1081 3944 χαλκοῦς
1105 3866 1276 3938 ἵστασθαι,
1299 3865 1403 3927 suadet
1424 3883 1494 3927 sone
1516 3874 1551 3928 ut

198 3978 361 4032 statuamus
382 3969 469 4032 etiam
492 3969 601 4052 legatos
623 3968 808 4050 imperatoris
831 3968 867 4030 ad
890 3988 940 4032 eos
962 3969 1089 4031 honores
1111 3967 1255 4030 admissos
1270 3986 1348 4043 esse;
1372 3976 1455 4030 erant
1469 3967 1548 4030 enim

198 4073 260 4136 sine
283 4073 372 4136 dubio
387 4092 454 4135 eum
469 4073 593 4154 imperio
608 4083 637 4134 et
652 4081 730 4136 reete
752 4080 819 4134 rota
841 4092 895 4134 suo
917 4073 1037 4134 nomine
1058 4089 1229 4151 nuncupare
1250 4080 1385 4151 poterant
1398 4073 1549 4151 fascesque

197 4179 232 4240 ad
255 4187 370 4260 portam
393 4195 519 4239 sumere.
551 4178 607 4239 Sed
623 4177 721 4239 obstat
742 4175 891 4238 silentium
914 4185 1068 4239 auctorum
1092 4175 1128 4237 de
1149 4174 1293 4238 eiusmodi
1315 4171 1505 4236 sollemnibus
1521 4183 1551 4236 et

197 4282 357 4344 abhorrent
383 4281 505 4342 omnino
529 4280 566 4343 ab
594 4280 658 4342 eius
685 4280 786 4342 aetatis
814 4278 918 4359 spiritu
941 4286 1007 4340 rota
1028 4279 1068 4340 ita
1090 4298 1107 4340 a
1128 4279 1240 4361 privato
1264 4287 1414 4359 suscepta;
1438 4287 1550 4360 potest-

197 4404 254 4465 que
281 4385 345 4447 tieri
373 4395 407 4447 ut
433 4385 531 4466 ipsum
558 4383 630 4446 illud
652 4384 688 4445 de
709 4383 778 4445 aede
801 4381 900 4444 llartis
923 4390 1043 4444 senatus
1066 4383 1233 4444 consultum
1255 4380 1291 4442 ad
1313 4401 1363 4444 eos
1386 4382 1463 4444 solos
1488 4400 1550 4444 ma-

198 4488 336 4568 gistratus
358 4489 540 4569 pertinuerit,
563 4487 670 4568 quibus
691 4504 722 4548 re
745 4485 818 4547 bene
841 4493 920 4565 gesta
947 4485 994 4546 ius
1022 4494 1100 4547 esset
1121 4486 1150 4547 in
1174 4485 1368 4566 triumphum.
1412 4485 1549 4547 Ceterum

197 4591 274 4673 quod
298 4610 413 4664 corona,
437 4610 469 4653 ea
492 4590 602 4652 scilicet
623 4609 697 4669 quac
720 4608 808 4669 super
830 4597 917 4669 caput
940 4589 1148 4670 triumphantis
1171 4588 1385 4661 sustinebatur,
1408 4597 1437 4650 et
1460 4589 1550 4669 scipio

198 4695 344 4758 eburneus
367 4695 452 4756 blarti
467 4703 684 4768 consecrantur,
706 4711 766 4754 non
782 4693 912 4773 impedit,
935 4693 1094 4774 quominus
1111 4693 1141 4755 in
1157 4693 1283 4774 palmam
1299 4701 1330 4754 et
1344 4692 1418 4754 lauri
1433 4709 1549 4754 ramum

197 4797 258 4860 lori
280 4797 441 4880 Capitolino
463 4797 616 4879 antiquum
640 4797 686 4859 ius
710 4797 858 4859 manserit.
