3696 5430
1464 415 1531 470 XXI

282 617 419 662 nummos
486 598 606 661 tertium
665 597 776 660 uiritim
835 596 901 659 dedi
957 595 1035 677 quali
1094 615 1158 658 mea
1211 598 1358 680 congiaria
1416 598 1557 661 frumenti

283 748 572 764 ..........
599 720 672 764 num
727 720 879 782 nunquam
940 701 1039 763 minus
1092 701 1302 782 quinquaginta
1352 711 1382 764 et
1433 702 1556 764 ducenta

178 807 207 881 3,
225 825 249 869 15
279 851 693 867 ..............
722 806 764 868 sia
824 804 1140 885 duodeuigintesimum
1190 808 1293 868 consul
1340 807 1478 869 trecentis
1529 816 1559 868 et

281 909 386 990 uiginti
445 909 574 971 millibus
630 909 722 990 plebis
770 910 897 971 urbanae
946 927 1103 988 sexagenos
1147 909 1282 972 denarios
1331 909 1442 972 uiritim
1492 909 1558 971 dedi

281 1022 311 1075 et
358 1012 456 1093 quinis
507 1013 633 1075 militum
678 1032 812 1076 meorum
856 1014 961 1076 oonsul
1003 1013 1141 1094 quintum
1186 1033 1222 1075 ex
1265 1013 1401 1076 manibiis
1445 1015 1557 1078 uiritim

282 1116 370 1178 millia
414 1134 572 1179 nummum
616 1117 730 1196 singula
774 1117 839 1179 dedi
883 1126 1060 1199 aeceperunt
1095 1117 1125 1179 id
1161 1117 1338 1198 triumphale
1375 1119 1556 1198 congiarium

283 1220 313 1281 in
357 1220 484 1282 colonias
529 1221 682 1283 hominurn
727 1221 843 1284 circiter
886 1230 1004 1285 eentum
1042 1231 1073 1284 et
1108 1220 1213 1301 uiginti
1250 1221 1339 1283 millia
1375 1223 1477 1285 consul
1513 1232 1559 1284 ter

226 1342 254 1386 eo
282 1325 355 1385 tium
383 1324 528 1386 decimum
558 1343 716 1405 sexagenos
743 1324 878 1387 denarios
907 1325 984 1406 plebi
1013 1345 1088 1406 quae
1116 1335 1179 1387 tum
1202 1328 1383 1388 frumentum
1407 1327 1557 1407 publicum

283 1445 349 1489 aoee
378 1473 512 1489 .....
530 1427 595 1490 dedi
610 1447 643 1489 ea
659 1427 748 1491 millia
763 1428 917 1491 hominum
934 1429 1031 1509 paullo
1042 1427 1080 1504 ¹⁶)
1095 1430 1178 1510 plura
1194 1449 1281 1511 quam
1298 1431 1421 1492 ducenta
1438 1433 1558 1494 luerunt

286 1576 576 1592 ..........
599 1532 674 1611 agris
697 1551 772 1612 quos
794 1533 826 1594 in
847 1533 1002 1594 consulatu
1025 1551 1090 1594 meo
1106 1543 1211 1614 quarto
1226 1543 1256 1596 et
1269 1543 1371 1616 postea
1386 1535 1557 1597 oonsulibus

285 1635 430 1715 maroo¹⁷)
463 1643 493 1697 et
520 1654 565 1697 en.
594 1636 705 1697 lentulo
735 1655 846 1715 augure
875 1635 1026 1716 adsignani
1053 1637 1195 1700 militibus
1223 1639 1297 1700 solui
1326 1639 1493 1719 municipiis
1522 1659 1558 1720 pa

287 1783 576 1799 ..........
608 1738 715 1800 entium
744 1739 860 1801 circiter
886 1751 1050 1819 sengensim
1081 1740 1195 1803 itineris
1224 1742 1297 1804 emit
1317 1761 1406 1822 quam
1428 1743 1558 1805 romanis

227 1861 254 1904 as
281 1860 349 1922 prae
379 1888 510 1902 .....
538 1842 694 1905 numeraui
723 1851 753 1904 st
788 1888 1264 1906 ................
1299 1846 1377 1925 quorl
1399 1865 1453 1927 pro
1480 1847 1558 1927 agris

286 1945 514 2026 prouincialibus
530 1946 605 2008 solui
622 1991 848 2006 ........
871 1965 949 2009 unus
979 1955 1009 2009 et
1038 1947 1118 2009 solus
1147 1948 1280 2011 omnium
1302 1949 1353 2030 qui
1376 1951 1559 2013 deduxerunt

286 2048 415 2110 oolonias
501 2048 628 2111 militum
715 2049 745 2110 in
832 2050 1022 2130 pronintis¹⁸)
1109 2051 1145 2114 ad
1214 2053 1385 2115 memoriam
1455 2055 1557 2118 aetatis

286 2170 366 2213 meae
392 2152 447 2214 feei
474 2162 574 2233 postea
603 2170 711 2214 nerone
735 2161 765 2214 et
786 2171 832 2214 on.
855 2153 957 2234 pisone
979 2154 1149 2217 oonsulibus
1170 2155 1300 2237 itemque
1332 2204 1339 2218 .
1364 2158 1558 2238 .gantlssimo

287 2265 316 2316 et
338 2254 364 2316 d.
388 2256 453 2318 lelio
476 2256 646 2319 oonsulibus
676 2303 1401 2322 ........................
1425 2263 1559 2324 messalla

229 2389 256 2432 ³0
283 2359 453 2421 oonsulibus
476 2368 505 2421 et
525 2359 544 2420 l.
568 2359 683 2422 caninio
705 2369 735 2421 et
756 2380 784 2440 q.
807 2359 927 2423 fabricio
950 2361 1120 2424 oonsulibus
1143 2409 1368 2425 ........
1398 2385 1471 2445 quos
1493 2384 1558 2428 eme

285 2462 349 2525 ritis
372 2461 525 2544 stipendiis
546 2462 577 2525 in
600 2482 653 2526 sua
675 2462 834 2545 municipia
858 2511 1021 2526 ......
1050 2484 1150 2547 praem
1175 2512 1556 2532 .............

285 2567 415 2647 persolui
442 2586 531 2648 quam
556 2613 688 2628 .....
716 2567 746 2629 in
776 2575 837 2629 sest
859 2614 1053 2630 .......
1087 2569 1151 2631 mili
1174 2615 1556 2634 .............

283 2671 414 2752 impendi

285 2784 388 2855 quater
411 2823 417 2836 .
442 2822 448 2836 .
473 2823 480 2836 .
505 2823 512 2836 .
535 2775 583 2838 aui
610 2773 753 2836 aerarium
782 2773 822 2836 ita
844 2781 878 2834 ut
900 2774 1069 2837 sestertium
1093 2775 1182 2838 millia
1205 2823 1556 2841 ............

230 2899 255 2943 as
283 2880 441 2959 quingenta
468 2879 581 2958 dedi¹⁹)
605 2925 737 2940 .....
762 2879 825 2940 raui
852 2878 962 2940 aerario
990 2879 1081 2941 detuli
1111 2924 1556 2944 ...............

287 3027 952 3043 ......................
986 2982 1265 3063 quodenconsilio

286 3131 953 3148 ......................
987 3085 1233 3168 militibusquin

287 3236 606 3251 ...........
641 3189 1556 3254 meruissentnemil...................

287 3339 639 3354 ............
663 3293 794 3355 odetuli

229 3415 255 3458 ro
284 3443 291 3455 .
316 3429 334 3456 .·
347 3442 606 3458 .........
635 3416 680 3458 on.
711 3417 740 3478 p.
770 3396 880 3459 lentulo
908 3444 914 3458 .
939 3443 977 3458 ..
1008 3397 1070 3459 ules
1098 3401 1218 3460 ruerunt
1245 3418 1312 3462 eum
1341 3401 1359 3462 el
1389 3445 1426 3460 ..
1458 3410 1559 3463 oerent

288 3545 608 3562 ...........
631 3509 751 3563 eentum
775 3500 903 3563 millibus
925 3499 1080 3563 hominum
1105 3548 1111 3562 .
1136 3549 1143 3563 .
1168 3549 1174 3563 .
1199 3549 1206 3563 .
1230 3550 1237 3564 .
1261 3550 1268 3564 .
1293 3550 1300 3564 .
1325 3550 1331 3564 .
1356 3550 1362 3564 .
1387 3549 1425 3564 ..
1459 3523 1476 3565 o
1510 3507 1558 3566 fru

585 3606 782 3695 desiderentur
803 3609 924 3687 quotque
947 3605 1039 3668 lineae

195 3707 250 3780 4,ι
282 3705 392 3769 curiam
447 3718 478 3770 et
531 3705 710 3790 eontines²⁰)
767 3720 797 3770 et
852 3708 1043 3772 oalelridioum
1091 3711 1294 3792 templumque
1343 3711 1477 3791 apollinis
1527 3713 1559 3773 in

285 3810 390 3890 palatio
434 3831 501 3874 eum
545 3813 706 3893 porticibus
750 3812 850 3875 aedem
894 3813 955 3876 dini
998 3813 1060 3877 iulii
1097 3814 1228 3894 lupercal·
1261 3813 1406 3895 porticum
1445 3815 1480 3876 ad
1517 3815 1561 3876 eir

286 3933 353 3976 cum
390 3916 552 3978 flaminium
589 3937 677 3998 quem
711 3937 778 3980 sum
811 3917 948 3998 appellari
980 3937 1084 3999 passus
1117 3936 1152 3978 en
1185 3918 1304 3980 nomine
1336 3917 1399 3980 eius
1432 3918 1483 3998 qui
1515 3919 1560 4000 pri

287 4037 367 4081 orem
401 4021 503 4083 eodem
538 4021 569 4083 in
603 4023 664 4084 solo
697 4025 806 4084 fenerat
839 4022 983 4085 ootauiani
1016 4021 1152 4103 puluinar
1184 4022 1219 4084 ad
1252 4020 1363 4084 nircum
1397 4021 1559 4086 maximum

240 4141 254 4184 s
283 4123 368 4184 aedes
401 4123 432 4185 in
466 4124 600 4205 capitolio
632 4125 708 4188 iouis
741 4123 898 4206 feretrii²¹)
933 4136 962 4189 et
994 4127 1071 4189 iouis
1100 4125 1229 4189 tonantis
1257 4126 1356 4188 aedem
1387 4125 1559 4206 quirinis¹')

286 4228 371 4290 aedes
404 4229 516 4290 mundo
524 4227 563 4309 28)
596 4239 626 4292 et
657 4229 775 4294 iunonis
806 4276 1000 4292 .......
1029 4241 1059 4292 et
1086 4229 1163 4291 iouis
1191 4229 1333 4291 libertatis
1359 4227 1390 4290 in
1421 4228 1560 4291 auentino

286 4330 387 4392 aedem
423 4332 518 4393 larum
555 4332 586 4393 in
622 4351 738 4396 summa
775 4352 856 4396 saera
894 4333 940 4396 nia
976 4333 1077 4395 aedem
1112 4333 1200 4394 deum
1233 4331 1384 4413 penatium
1416 4331 1448 4393 in
1486 4331 1560 4393 nelia

287 4436 388 4497 aedem
461 4436 622 4500 inuentatis
693 4439 794 4500 aedem
867 4437 969 4500 matris
1041 4436 1189 4516 magdelae
1254 4435 1284 4496 in
1348 4434 1454 4516 palatio
1504 4434 1560 4496 feei

288 4539 491 4620 sertorium²⁴)
514 4549 543 4602 et
564 4541 734 4622 pompelum
758 4543 905 4604 theatrum
928 4549 1087 4620 utrumque
1109 4558 1184 4620 opus
1205 4537 1338 4620 impensa
1356 4536 1459 4618 grandi
1472 4536 1559 4599 refeci

261 4777 292 4842 ¹⁸)
310 4778 417 4844 paulos
494 4779 524 4842 ¹¹)
544 4794 565 4827 a.
581 4781 662 4829 inno
742 4777 770 4839 ¹⁸)
789 4776 957 4845 proulneilso
1029 4776 1061 4842 ¹⁹)
1079 4759 1139 4830 neb
1154 4773 1188 4840 V,
1200 4777 1274 4826 deon
1347 4774 1380 4837 ²⁰)
1402 4773 1559 4824 contineres

161 4861 193 4928 ²¹)
213 4861 336 4914 feretrio
437 4860 468 4926 ¹¹)
487 4861 615 4929 quirinie
715 4863 746 4925 ²³)
765 4862 914 4913 mundinae
1013 4861 1047 4925 ¹⁴)
1064 4867 1222 4911 oertornmv
