3656 5444
347 380 410 443 106
939 375 973 444 V,
995 379 1097 432 18-23

344 557 425 632 Quae
446 556 476 617 iu
499 557 625 620 editione
651 555 747 640 priore
774 575 984 637 proposueram
1014 559 1131 620 adiutus
1153 578 1169 619 3
1192 559 1368 631 Bormauno,
1398 558 1445 620 331
1476 558 1602 638 optimae
1631 571 1700 620 tum

345 661 405 742 spei
432 660 537 734 iuveni,
565 660 622 722 iam
652 661 766 741 egregio
793 680 915 742 operum
945 671 973 724 et
1002 663 1135 725 laborum
1165 662 1248 732 33313,
1270 662 1388 736 Meroen
1419 662 1569 736 debebam,
1596 665 1701 725 omnia

343 769 403 826 1333
426 773 455 826 31
470 765 570 826 131133
592 765 677 827 133113
700 766 814 846 expleta
835 767 1018 829 confirmarit
1039 776 1069 829 et
1084 768 1191 829 Graeca
1206 767 1309 828 333313.
1343 767 1376 827 V.
1392 765 1433 828 20
1449 775 1515 847 3331
1530 769 1701 838 eudaemon,
1777 747 1781 758 ³

344 868 393 930 ubi
416 869 472 930 iam
496 877 699 949 33333313333
721 869 847 931 fuissene
869 873 1065 950 monituraque
1086 871 1216 942 bostium,
1238 889 1290 950 ego
1312 889 1521 950 proposueram
1536 872 1701 952 313333333-

344 993 394 1054 que
415 973 560 1036 1333313333
582 991 641 1033 333
663 972 784 1034 omnino
807 981 893 1046 33313,
920 972 969 1034 sed
994 973 1093 1034 minus
1116 974 1300 1053 malequam
1323 973 1402 1054 quod
1430 983 1531 1055 333133
1553 975 1699 1054 Rergkius

342 1075 453 1157 3333311
470 1077 572 1156 procul
593 1075 628 1137 cb
651 1075 771 1156 1333313
793 1080 884 1137 situm.
908 1111 949 1120 -
971 1075 1088 1138 13121
1113 1077 1260 1160 complura
1283 1076 1405 1139 debetur
1427 1078 1603 1140 Bnrmauuo.

442 1179 578 1240 Dicemus
606 1178 734 1260 primum
758 1179 793 1239 de
817 1179 998 1258 expeditione
1019 1180 1149 1252 Arabica,
1173 1181 1208 1242 de
1230 1201 1287 1260 qua
1313 1180 1452 1242 disseruit
1471 1181 1560 1242 Hem.
1582 1181 1699 1262 liniger
1800 1197 1801 1200 ’

344 1283 408 1357 (der
430 1282 556 1363 Feidzuq
579 1285 625 1345 des
647 1283 742 1346 Aelius
766 1281 874 1346 Gallus.
907 1283 1044 1344 Wismari
1069 1283 1150 1345 1862
1172 1283 1281 1364 3111).
1324 1284 1365 1345 Ea
1386 1303 1445 1363 qno
1468 1293 1600 1366 tempore
1619 1289 1699 1348 facta

343 1389 390 1460 sit,
414 1387 521 1466 pendet
543 1385 669 1448 maxime
691 1407 707 1446 a
730 1386 803 1448 serie
826 1389 1038 1466 praetentorum
1062 1387 1198 1467 Aegypti,
1225 1387 1275 1466 qui
1298 1407 1350 1467 per
1372 1388 1426 1449 hos
1448 1407 1541 1451 annos
1564 1392 1697 1451 luerunt,

342 1491 379 1551 Et
406 1498 520 1552 constat
547 1490 598 1551 Cu.
622 1489 789 1552 Cornelium
820 1490 934 1552 Gallum
963 1490 1091 1570 primum
1119 1493 1299 1571 praelectum
1327 1490 1437 1552 rexisse
1465 1491 1627 1572 Aegyptum
1656 1493 1697 1554 ab

342 1615 367 1654 3.
390 1613 418 1655 u.
439 1613 463 1654 3.
486 1594 562 1667 721,
594 1592 753 1656 maiestatis
782 1593 960 1674 postulatum
989 1613 1054 1655 esse
1076 1602 1105 1655 31
1127 1612 1233 1655 manus
1255 1593 1311 1656 sibi
1333 1594 1466 1656 intulisse
1488 1615 1513 1656 a.
1530 1594 1605 1670 7283
1633 1617 1696 1677 quo

342 1717 419 1760 anno
446 1697 593 1778 provincia
621 1697 733 1771 abierit,
762 1716 822 1758 nou
853 1697 977 1759 traditur
1003 1716 1098 1778 neque
1127 1696 1284 1777 quicquam
1306 1697 1411 1772 obstat,
1434 1699 1593 1778 quominus
1614 1719 1696 1762 anno

342 1811 420 1875 33313
443 1801 503 1863 727
527 1820 725 1863 successorem
755 1800 906 1881 acceperit.
930 1836 971 1844 -
994 1800 1129 1862 Cornelio
1150 1801 1248 1864 statim
1270 1802 1445 1864 successisse
1467 1805 1497 1865 G.
1518 1803 1693 1866 Petronium

341 1924 409 1966 cum
433 1904 563 1985 plerique
585 1913 723 1977 statuant,
755 1904 827 1966 mihi
849 1904 933 1966 aliter
961 1905 1085 1967 ridetur.
1128 1905 1201 1966 Nam
1234 1925 1268 1967 ex
1297 1906 1409 1980 ordine,
1439 1926 1497 1986 qno
1525 1917 1583 1969 tres
1605 1927 1694 1989 prae·

342 2012 433 2070 133133
467 2007 632 2070 Cornelium
665 2007 838 2069 Petronium
871 2008 985 2070 Aelium
1019 2008 1153 2070 nominat
1181 2009 1286 2071 Strabo
1315 2012 1363 2081 17,
1386 2011 1413 2084 1,
1437 2009 1476 2071 53
1499 2030 1526 2091 3.
1544 2011 1615 2086 8111,
1637 2031 1694 2074 33-

341 2130 487 2192 quaquam
520 2111 549 2171 id
582 2111 721 2186 efficitur3
754 2119 813 2172 tres
846 2111 923 2173 enim
952 2112 1150 2192 expeditiones
1177 2131 1244 2175 cum
1275 2122 1377 2175 auctor
1403 2125 1629 2190 commemoret,
1657 2126 1694 2178 ut

341 2216 523 2277 demonstret
550 2225 608 2276 tam
637 2215 718 2294 ipsos
739 2215 894 2296 Aegyptios
920 2216 1051 2278 imbelles
1079 2223 1143 2278 es'se
1176 2236 1263 2297 quam
1287 2218 1408 2291 accolas,
1436 2237 1470 2279 eo
1492 2218 1602 2290 ordine,
1629 2239 1691 2282 nou

343 2319 498 2399 temporie,
525 2337 700 2381 enumerans
727 2318 855 2400 primum
884 2319 1046 2382 seditiones·
1070 2321 1152 2401 33311
1179 2320 1210 2382 13
1232 2323 1295 2402 1333
1316 2321 1445 2403 Aegypto
1466 2341 1482 2382 a
1505 2321 1639 2384 Cornelio
1661 2333 1693 2384 et

340 2422 478 2484 Petronio
500 2423 623 2496 sedatas,
646 2422 749 2485 deinde
771 2423 842 2485 Aelii
865 2423 895 2484 iu
911 2423 1044 2485 Arabiam
1069 2424 1292 2504 expeditionem.
1321 2425 1393 2485 Vera
1408 2431 1507 2486 autem
1524 2425 1691 2488 testimonia

341 2547 375 2588 eo
391 2526 503 2588 ducunt
517 2526 649 2588 Cornelio
665 2526 745 2588 Gallo
761 2527 936 2588 successisse
952 2525 983 2586 C.
999 2527 1111 2588 Aelium
1125 2528 1237 2589 Gallum
1248 2527 1281 2603 ¹),
1298 2546 1365 2588 enm
1381 2526 1411 2587 in
1423 2527 1526 2589 Arabia
1543 2537 1688 2591 moratum

340 2649 404 2691 3333
427 2649 480 2711 per
501 2631 693 2710 posteriorem
716 2639 828 2711 partem
853 2631 921 2692 anni
942 2629 1004 2692 7211
1019 2632 1205 2711 prioremque
1228 2629 1342 2703 37311,
1365 2639 1473 2692 aestate
1489 2632 1532 2692 vel
1547 2642 1690 2694 autumno

341 2733 404 2794 3133
426 2733 494 2794 3331
517 2734 597 2795 Gallo
620 2733 795 2796 successisse
818 2734 848 2796 G.
864 2734 1046 2796 Petronium.
1089 2734 1246 2795 Videamus
1270 2734 1304 2795 de
1327 2733 1458 2812 siugulis.
1503 2734 1555 2796 1113
1578 2735 1628 2808 53,
1648 2737 1689 2799 29
1800 2793 1801 2796 ,

341 2837 552 2917 expeditionem
576 2836 727 2899 Arabicam
757 2841 846 2899 refert
867 2838 902 2899 ad
925 2859 950 2899 a.
967 2837 1038 2908 730,
1071 2857 1128 2916 quo
1158 2839 1246 2899 linem
1275 2837 1384 2898 habuit.
1428 2837 1548 2900 Duravit
1577 2859 1689 2902 annum
1800 2829 1801 2862 ³

338 2943 399 3002 1333
421 2941 464 3002 331
487 2942 583 3020 paullo
605 2942 680 3022 3133,
703 2950 737 3003 31
759 2952 875 3004 enarrat
898 2942 1017 3016 Strabo,
1045 2943 1201 3004 confirmat
1222 2941 1274 3002 1113
1296 2941 1315 3001 1.
1331 2959 1373 3003 c:
1403 2935 1438 3004 ἒν
1469 2933 1495 3025 ᾦ
1521 2939 1558 3004 dt
1586 2943 1690 3006 ταῦτα

338 3041 500 3121 ἐγίγνετο,
529 3043 584 3106 καὶ
614 3041 694 3127 ἄλλη
722 3068 772 3118 τις
799 3047 953 3128 στρατεία
979 3043 1074 3128 καινὴ
1104 3039 1206 3128 ἀρχήν
1236 3067 1270 3106 τε
1292 3037 1363 3126 ἅμα
1390 3042 1446 3106 καὶ
1472 3043 1563 3119 τέλος
1586 3043 1688 3126 ἔσχεν.

339 3149 412 3227 1313
442 3148 528 3210 etiam
553 3147 690 3210 Horatius
717 3149 747 3209 iu
773 3149 846 3211 libro
876 3149 971 3230 primo
999 3148 1162 3210 carminum
1190 3148 1267 3210 edito
1289 3167 1315 3210 a.
1332 3148 1393 3209 730
1416 3148 1530 3211 duobus
1552 3151 1623 3212 locis
1645 3151 1688 3230 (1,
1800 3143 1801 3148 ’

339 3250 389 3312 211.
413 3249 467 3322 351
496 3251 631 3313 meminit
659 3252 850 3332 expeditionis
871 3252 1010 3315 Arabicae
1036 3271 1096 3314 non
1119 3255 1224 3324 133133,
1252 3252 1300 3313 sed
1325 3255 1441 3314 1313333
1462 3271 1584 3333 eamque
1606 3273 1689 3316 com-

338 3355 421 3432 ponit
442 3373 509 3415 eum
533 3354 717 3434 expeditione
739 3356 808 3417 item
834 3358 931 3418 lutura
954 3355 1129 3428 Britannica,
1153 3355 1236 3416 cuius
1261 3357 1439 3417 mentionem
1463 3356 1547 3419 inicit
1567 3357 1620 3419 1113
1637 3357 1688 3431 53,

339 3456 379 3516 22
402 3458 436 3519 ad
460 3475 484 3518 a.
503 3457 605 3544 72738.
643 3459 785 3540 13333333
808 3460 933 3540 denique
956 3461 1029 3541 (ant.
1045 3459 1108 3521 lud⁴
1127 3461 1174 3531 15,
1192 3459 1220 3532 9,
1239 3460 1265 3518 1.
1282 3458 1311 3518 2.
1327 3459 1359 3535 3)
1382 3459 1424 3521 313
1440 3459 1548 3534 scribit,
1565 3461 1689 3524 llerodis

338 3578 415 3620 anno
443 3560 525 3640 regni
553 3561 638 3622 tertio
668 3561 782 3624 decimo
805 3564 920 3643 14133.
938 3563 998 3624 7211
1015 3563 1090 3623 -3
1107 3563 1176 3642 133.
1193 3562 1266 3636 73111
1290 3565 1396 3624 tamem
1419 3563 1561 3625 13133313
1584 3565 1687 3627 iudaea

337 3683 460 3743 eantque
482 3665 681 3726 continuatam
710 3683 774 3728 3333
796 3686 873 3728 3333
891 3667 1057 3747 insequenti
1079 3669 1111 3746 (4
1126 3667 1194 3747 Apr.
1209 3666 1269 3727 7311
1292 3701 1333 3710 -
1356 3665 1459 3747 3133.
1472 3667 1563 3742 731),
1589 3687 1686 3747 regem

337 3777 435 3828 autem
463 3767 489 3829 ei
518 3768 687 3831 subvenisse
714 3773 862 3832 frumento
892 3781 990 3851 empto
1019 3770 1055 3831 ab
1084 3769 1178 3831 amico
1206 3790 1259 3831 suo
1286 3769 1318 3831 C.
1338 3770 1475 3832 Petronio
1503 3790 1596 3851 nuper
1622 3781 1686 3832 tum

337 3873 412 3932 13313
435 3873 580 3951 praelecto
603 3873 724 3954 Aegypti
747 3871 888 3951 (ἔπεμπε
911 3872 941 3935 d'
964 3871 1016 3936 ἐπ’
1044 3868 1220 3951 Αἰγύπτου
1243 3871 1283 3934 τὰ
1304 3869 1470 3957 χρήματα,
1501 3876 1688 3957 Πετρωνίου

336 3972 394 4054 τὴν
427 3967 591 4054 ἒπαρχ1αν
621 3971 688 4039 ἀπὸ
723 3978 888 4060 Καίσαρος
915 3973 1117 4060 3113333333
1148 3976 1223 4039 31333
1251 3997 1285 4039 33
1311 3987 1409 4040 autem
1439 3988 1570 4058 tempora
1596 3977 1684 4059 (napi

336 4075 394 4138 τὸν
415 4073 534 4156 χρόνον
556 4076 694 4162 ἐκεῖνον)
717 4080 822 4142 auxilia
844 4080 880 4142 ab
902 4081 1015 4142 llerode
1039 4080 1127 4142 missa
1151 4099 1215 4142 3333
1237 4081 1272 4142 ad
1293 4081 1405 4142 Aelium
1429 4082 1543 4143 Gallum
1567 4091 1688 4163 propter
1800 4127 1801 4148 1

337 4180 550 4260 expeditionem
573 4182 734 4244 Arabicam.
779 4183 911 4246 Narratio
933 4185 1004 4246 haec
1027 4184 1162 4264 bipertita
1183 4203 1251 4245 cum
1267 4185 1364 4264 priore
1380 4193 1461 4266 parte
1476 4186 1688 4266 complectatur

336 4302 384 4343 res
406 4283 525 4357 biennii,
549 4294 662 4347 1331333
687 4287 777 4361 abest,
801 4295 834 4348 ut
848 4287 978 4349 Petronii
1000 4291 1212 4368 praefecturam
1236 4287 1629 4359 33137291730331331331,
1654 4299 1688 4352 ut

336 4385 421 4466 longe
443 4387 548 4450 melius
571 4389 723 4451 conveniat
745 4389 834 4450 hiemi
857 4391 1006 4469 sequenti3
1028 4408 1097 4450 nam
1120 4393 1302 4452 trumentum
1326 4411 1360 4452 ex
1384 4391 1512 4472 Aegypto
1534 4392 1570 4452 ad
1593 4391 1686 4453 llere-

336 4489 401 4550 dem
427 4492 549 4553 missnm
574 4503 726 4573 33333331
751 4493 872 4555 alteram
901 4495 1019 4556 demum
1044 4512 1170 4556 messem
1193 4493 1354 4568 infelicem,
1385 4496 1414 4556 id
1437 4503 1482 4556 est
1504 4505 1570 4576 post
1591 4503 1687 4557 aesta-

435 4731 457 4795 ¹)
475 4729 512 4780 Cl'.
532 4731 624 4783 titulus
642 4733 745 4786 Atticus
764 4735 790 4784 C.
804 4733 822 4785 1.
837 4735 865 4785 A.
879 4733 918 4797 111,
937 4735 999 4786 att:
1018 4731 1136 4802 ὁδῆμος
1155 4727 1240 4786 Γάιον
1252 4735 1352 4785 Αἴλιον
1367 4729 1470 4786 Γάλλον
1488 4731 1684 4803 stipatricibus.

336 4815 496 4886 Πραξιτέλης
512 4815 633 4880 ducique.
