3656 5444
791 392 824 460 V,
844 393 947 448 24-31
1481 392 1542 454 117

194 573 362 636 Parthicum
384 573 538 635 aVonone
559 581 590 634 et
611 573 787 636 adfectatum
803 571 1009 634 Armeniacum
1031 577 1155 650 uterque
1177 577 1279 632 auctor
1294 575 1356 631 arte
1379 567 1544 648 coniungit)

193 677 329 741 Vonones
355 677 423 740 exul
443 677 475 740 in
491 676 660 740 Armeniam
688 676 769 740 venit
794 674 893 757 ibique
920 692 988 737 cnm
1011 672 1067 736 sibi
1089 693 1106 736 a
1127 673 1251 736 factione
1273 673 1398 754 quadam
1421 689 1544 752 regnum

195 782 357 856 offerretur,
381 781 411 843 id
435 780 565 862 suscepit
585 789 616 843 et
636 781 673 843 ab
688 781 819 861 Augusto
843 790 877 842 ut
897 777 929 840 in
951 797 986 840 eo
1008 778 1232 841 confirmaretur
1253 797 1307 860 per
1327 778 1437 858 legatos
1452 775 1544 858 petiit,

196 903 291 966 neque
313 895 413 948 tamen
436 883 612 966 impetravit,
634 903 703 947 nam
727 885 752 947 si
774 885 969 966 impetrasset,
992 882 1142 962 Augustus
1158 881 1262 962 opinor
1276 882 1307 944 id
1321 899 1382 942 non
1397 879 1546 942 tacuisset.

195 988 251 1051 Eas
273 990 374 1052 turbas
397 998 428 1052 et
448 1007 572 1070 regnum
595 983 681 1051 inane
698 988 941 1068 sorbendoque
963 986 1038 1047 libro
1061 993 1153 1060 sexto,
1175 1004 1264 1066 quem
1278 993 1384 1066 quarto
1405 987 1465 1046 fere
1480 990 1548 1064 post

194 1090 275 1154 huno
300 1092 427 1155 indicem
456 1111 533 1154 anno
562 1090 692 1172 scripsit,
724 1091 817 1172 tangit
839 1091 868 1166 6,
891 1092 920 1165 4,
944 1088 963 1150 2
986 1108 1014 1169 p.
1031 1087 1103 1163 288,
1139 1088 1170 1150 in
1202 1106 1326 1151 recensu
1359 1087 1546 1168 populorum,

195 1195 246 1275 qui
279 1215 295 1258 a
322 1196 463 1259 Romanis
498 1195 634 1259 dominos
660 1194 841 1276 acciperent:
874 1189 1042 1276 Ἀρμένιοι
1068 1189 1106 1256 δὲ
1134 1227 1177 1236 -
1203 1194 1390 1276 παρουσίας
1415 1188 1547 1254 δέονται

195 1293 384 1380 μόνοντῶν
405 1296 629 1385 ἡγησομένων,
652 1297 757 1373 καλῶς
779 1295 816 1362 dd
846 1296 1056 1379 κρατοῦνται·
1083 1292 1311 1378 νεωτερίζουσι
1339 1291 1377 1358 dd
1403 1291 1462 1357 διὰ
1490 1291 1548 1366 τὰς

195 1403 260 1465 τῶν
278 1397 448 1486 Ῥωμαίων
469 1398 690 1486 οἷπασχολίας.

295 1507 442 1581 Quamdiu
463 1507 600 1570 Armenia
627 1506 657 1568 in
682 1505 799 1567 dicione
825 1505 956 1568 Romana
990 1503 1112 1579 mansit,
1145 1503 1176 1566 id
1209 1502 1246 1565 ad
1273 1502 1398 1565 Mediam
1430 1521 1548 1583 qnoque

196 1610 373 1693 pertinuisse
394 1611 551 1675 verisimile
574 1619 620 1673 est
641 1619 671 1673 ct
693 1621 752 1672 tam
768 1609 991 1672 Ariobarzanem
1013 1627 1103 1689 quam
1118 1608 1307 1670 Artavasdem
1330 1625 1358 1668 ιι
1379 1606 1410 1668 in
1426 1614 1549 1686 utraque

196 1715 306 1797 pariter
326 1734 472 1796 regnasse.
509 1714 581 1777 Post
602 1714 631 1777 id
652 1722 770 1795 tempus
785 1732 852 1776 cum
869 1709 1005 1776 Armenia
1021 1711 1161 1776 Romanis
1177 1732 1241 1775 sese
1256 1711 1451 1786 subtraheret,
1473 1709 1549 1773 biedi

197 1829 247 1881 aut
271 1820 375 1882 eodem
397 1827 530 1901 tempore
552 1828 604 1881 aut
625 1825 710 1880 antea
731 1817 790 1880 iam
813 1837 829 1880 a
851 1816 992 1880 Romanis
1014 1816 1200 1880 desciverunt
1221 1815 1382 1878 constituto
1404 1814 1460 1877 sibi
1481 1833 1549 1895 rege

195 1923 343 2014 Armbano
372 1922 526 2004 (Iosephus
553 1932 612 1984 ant.
630 1921 679 1996 18,
702 1921 732 1997 2,
756 1921 789 2000 4)
820 1929 952 1984 materno
982 1941 1018 1984 ex
1047 1939 1152 2002 genere
1178 1919 1361 1994 Arsacidam‚
1389 1919 1440 1982 sed
1466 1928 1549 2002 patre

199 2027 304 2108 Scytha
327 2027 511 2101 abcidatur,
542 2034 620 2089 certe
642 2027 798 2088 educatum
827 2025 905 2107 apud
928 2026 1050 2108 Scythas
1072 2024 1203 2104 (Tacitus
1230 2043 1298 2086 ann.
1315 2023 1351 2097 2,
1374 2021 1403 2084 3.
1427 2023 1462 2096 6,
1486 2022 1549 2100 42),

197 2150 264 2193 eum
287 2131 399 2212 ipsum,
427 2129 479 2210 qni
500 2128 569 2192 hino
591 2149 677 2192 orsus
699 2148 724 2191 c.
740 2148 766 2191 a.
783 2129 845 2191 164
866 2129 986 2192 Vonone
1008 2129 1130 2210 expulso
1153 2127 1268 2191 Parthis
1291 2145 1407 2208 quoque
1428 2125 1550 2208 imperi-

198 2236 277 2298 tavit.
314 2234 418 2297 Strabo
440 2242 538 2296 tamen
564 2236 612 2310 11,
638 2233 693 2308 13,
721 2232 741 2294 2
770 2253 799 2313 p.
821 2233 881 2295 523
912 2233 1010 2296 Medos
1037 2232 1140 2296 scribit
1167 2231 1325 2294 amicitiam
1351 2231 1454 2294 iecisse
1481 2249 1549 2293 cum

197 2339 328 2414 Caesare,
351 2339 440 2402 simul
461 2347 561 2401 tammo
583 2338 707 2401 Parthos
727 2337 832 2400 colore.

298 2445 459 2507 Stemmata
481 2442 593 2505 subieci
616 2442 680 2505 tria.

728 2599 844 2644 REGES
865 2597 1054 2641 ARAOEMAE.

703 2665 829 2732 Tigranes
849 2663 878 2728 11)
896 2680 966 2728 repa.
985 2665 1015 2715 ah
1033 2681 1056 2715 a.
1077 2663 1126 2714 651
1144 2664 1175 2714 ad
1194 2679 1216 2714 a.
1237 2670 1306 2715 certe
1326 2662 1375 2714 698

744 2820 903 2871 Artavasdes
921 2822 935 2874 τ
954 2819 1005 2868 114

519 3009 589 3059 regn.
608 2993 743 3046 120-134
812 3008 881 3058 regn.
895 2991 944 3042 134
956 3019 989 3028 -
1000 3028 1022 3041 ..
1087 2999 1102 3052 †
1119 3009 1141 3042 o.
1154 3008 1176 3042 a.
1190 2991 1239 3040 153

750 3204 751 3210 1
803 3181 860 3218 (3.1.

742 3289 852 3334 11116118
873 3287 1018 3331 ΠΜΑΕ.

782 3356 971 3408 Ariobarzanes

800 3508 956 3562 Artavasdes

798 3586 813 3639 †
831 3595 853 3630 c.
866 3593 890 3629 a.
903 3577 954 3628 134

785 3731 976 3794 ¹Ariobarzanes

589 3817 635 3855 rer
653 3801 752 3854 Mediae
771 3819 792 3854 c.
804 3818 827 3852 a.
842 3801 901 3865 134,
918 3799 1054 3850 Armeniae
1071 3813 1095 3848 a.
1109 3797 1157 3848 163

800 3955 957 4007 Artavasdes
1002 3949 1008 3962 '

690 4040 737 4076 rex
755 4025 855 4076 Mediae
873 4033 900 4076 et
916 4022 1052 4073 Armeniae

772 4098 787 4150 t
805 4101 863 4145 ante
882 4108 904 4143 a.
918 4092 968 4142 164

282 4301 394 4356 Herodes
413 4301 693 4369 Magnneubiariamne
718 4233 1312 4366 1{Assrdrddadddodrssddpdpaa‹eeiaouerererrogis
1330 4293 1466 4346 Armeniae
1482 4293 1555 4346 hliat

459 4458 604 4508 Alexander
829 4479 859 4498 υ
1077 4450 1208 4518 Glaphyro

851 4644 898 4681 rex
916 4625 1049 4678 Armeniae
1068 4643 1090 4676 o.
1102 4641 1125 4676 a.
1140 4624 1189 4676 164

596 4697 722 4763 Tigranes
874 4704 889 4756 †
908 4713 930 4748 a.
944 4695 994 4746 189
1011 4716 1045 4737 =
1062 4711 1086 4762 p.
1099 4694 1126 4745 C.
1139 4694 1172 4744 36

559 4783 607 4820 rex
624 4767 760 4819 Armeniae

525 4853 547 4888 a.
561 4837 611 4888 813
630 4857 662 4880 =
680 4851 704 4902 p.
717 4836 744 4887 C.
757 4836 790 4886 61)
