3656 5444
320 331 382 394 aas
922 280 1058 393 vni-a

318 517 478 589 usurpetur
507 516 536 569 et
564 507 665 570 turbae
692 505 822 569 internae
849 507 925 588 apud
947 508 1026 589 ipsos
1048 510 1147 571 Medos
1169 511 1349 573 urbanorum
1372 513 1526 574 hominum
1550 533 1674 575 sermo-

318 612 495 674 cinationem
527 611 573 672 vix
599 630 773 693 magnopere
800 629 918 673 morere
946 613 1104 693 potuerint.
1127 649 1167 659 -
1190 615 1262 677 Vere
1289 634 1357 677 mox
1379 616 1536 679 Tiridatem
1559 637 1673 679 rursus

319 715 429 797 expulit
444 715 592 778 Phraates.
629 715 792 788 Phrnhntes,
814 714 946 777 Iustinus
968 717 1078 792 scribit,
1101 739 1165 780 enm
1186 737 1288 800 mapan
1304 722 1579 806 ternporefinitimas
1595 727 1673 783 cini·

319 831 402 892 tates,
430 821 468 882 ad
491 830 664 900 postremam
690 818 808 899 Scythas
825 820 956 899 praeibas
976 823 1136 902 fatigasset,
1163 821 1333 901 Scytharum
1355 829 1479 886 rannr'mo
1502 825 1611 886 caecilio
1633 829 1674 885 in

319 943 436 1006 regnam
457 927 617 986 restituitur
638 969 666 985 ..
689 921 854 1003 (Tiridates)
869 925 967 986 audito
983 926 1108 987 navemn
1120 925 1293 1005 Scytharum
1308 946 1372 988 οιιοι
1387 941 1492 1008 anapaa
1508 933 1673 990 amicornm

319 1048 408 1090 mnan
429 1029 467 1090 ad
484 1027 633 1090 Caesareae
654 1031 684 1089 ia
702 1029 844 1108 Hispania
866 1027 969 1090 bellurn
991 1038 1051 1090 tam
1072 1035 1204 1110 temporis
1223 1043 1363 1111 perannat
1382 1034 1520 1112 proserpit,
1542 1033 1672 1094 oasam

323 1132 443 1194 Caesari
461 1133 609 1193 animam
631 1131 725 1212 filiam
739 1128 890 1195 Paratatts
907 1135 1014 1213 serens,
1036 1153 1118 1214 qaam
1132 1135 1322 1215 neglegentias
1337 1137 1505 1198 cuaoditam
1519 1147 1669 1217 rapuerat.

321 1235 373 1298 bio
395 1243 462 1317 post
483 1254 571 1315 supra
588 1235 696 1336 relata:
718 1230 791 1297 τότε
813 1234 850 1298 δὲ
872 1233 989 1318 ἐπειδή
1012 1229 1030 1298 ὅ
1052 1259 1086 1297 τε
1103 1231 1276 1312 Ἀντώνιος
1297 1233 1482 1321 ἐτελεύτησε
1504 1238 1559 1301 καὶ
1581 1233 1671 1302 ὲκεί-

321 1360 386 1404 νων
408 1333 427 1402 ὁ
449 1335 510 1421 μὲν
537 1335 712 1421 Τιριδάτης
734 1333 887 1422 ἡττηθεὶς
910 1337 942 1412 ἒς
964 1337 1021 1422 τήν
1043 1341 1166 1424 Συρίαν
1188 1342 1384 1424 κατέφυγεν,
1415 1336 1432 1404 ὁ
1455 1338 1492 1402 δὲ
1516 1339 1672 1424 Φραάτης

320 1439 485 1526 κρατήσας
507 1441 662 1524 πρέσβεις
685 1437 828 1525 ἔπεμψε,
850 1439 979 1516 τούτοις
1001 1466 1035 1504 τε
1057 1440 1195 1525 φιλικῶς
1217 1441 1412 1527 ἐχρημάτισε
1434 1443 1488 1506 καὶ
1508 1445 1555 1526 τῷ
1575 1448 1671 1526 Τιρι-

323 1545 404 1630 δάτη
428 1541 610 1630 βοηθήσειν
631 1541 692 1626 μὲν
714 1539 772 1624 οὐχ
787 1539 959 1624 ὑπέσχετο,
982 1543 1182 1608 διαιτᾶσθαι
1200 1545 1236 1609 δὲ
1252 1546 1287 1610 ἓν
1301 1547 1340 1636 τῇ
1354 1551 1458 1628 Συρίᾳ
1473 1545 1670 1630 ἐπέτρεψεν,

323 1647 397 1715 οἶόν
425 1651 460 1712 τέ
485 1671 560 1711 τινα
585 1647 645 1711 τοῦ
665 1647 821 1732 ,Φραάτου
843 1645 878 1712 ἐν
900 1644 1084 1731 εὐεργεσίας
1106 1649 1197 1731 μέρει
1221 1652 1304 1733 παρ’
1326 1647 1427 1714 αὐτοῦ
1449 1649 1559 1732 λαβών
1581 1648 1612 1724 ἔς
1634 1674 1671 1712 τε

322 1753 381 1839 τήν
400 1749 523 1837 Ῥώμην
545 1749 685 1836 ἀνήγαγε
708 1750 762 1814 καὶ
785 1749 820 1814 ἐν
842 1747 980 1835 ὁμηρείᾳ
1002 1750 1193 1836 ἐποιήσατο.
1229 1755 1367 1817 Horatius
1389 1774 1506 1836 quoquc
1527 1757 1558 1817 in
1578 1774 1669 1816 carm.

325 1859 354 1932 2,
370 1859 389 1919 2
405 1859 481 1919 inter
496 1857 596 1918 beatos
613 1855 715 1918 referri
730 1863 808 1917 vetat
821 1856 964 1918 redditam
981 1855 1051 1935 Cyri
1062 1857 1131 1918 solio
1147 1857 1315 1921 Pbrolaatea.
1344 1859 1411 1921 Illae
1427 1832 1554 1920 duorum
1568 1866 1671 1920 aucto-

325 1982 391 2026 rum
413 1960 568 2024 relationes
591 1979 658 2022 cum
681 1978 741 2022 non
757 1959 877 2021 omnino
892 1959 1079 2033 concordent,
1103 1963 1226 2024 sortasse
1240 1963 1270 2024 in
1287 1982 1401 2025 summa
1417 1982 1449 2025 re
1464 1972 1586 2043 utraque
1601 1982 1669 2023 aera

325 2066 410 2145 est1).
446 2064 605 2126 Credamus
627 2062 711 2124 Dioni
726 2063 1031 2142 Tiridatemveiectum
1054 2085 1079 2127 a.
1097 2067 1157 2128 124
1180 2075 1304 2128 exeunte
1326 2066 1356 2128 in
1374 2068 1487 2147 Syriam
1509 2067 1545 2127 ad
1560 2067 1670 2127 itoma-

324 2189 378 2232 nos
401 2167 565 2248 confugisse
587 2185 682 2246 neque
704 2175 801 2228 umen
824 2167 860 2229 ad
880 2167 976 2248 ipsum
993 2167 1214 2249 Augustnm'eo
1232 2179 1363 2251 tempore
1378 2179 1542 2232 morantem
1559 2171 1587 2231 in
1603 2170 1670 2232 asia

326 2273 377 2354 (ibi
407 2271 485 2335 enim
513 2289 581 2333 eum
604 2271 722 2332 hiemen
744 2289 769 2331 a.
787 2269 880 2343 12415
903 2271 1032 2352 exegisse
1054 2273 1107 2335 Dio
1129 2274 1225 2354 paullo
1247 2283 1315 2337 ante
1337 2273 1438 2336 scribit
1459 2273 1556 2353 ibique
1579 2273 1671 2352 magis

326 2396 414 2458 quam
430 2375 509 2440 Sami
532 2376 716 2437 consulatum
739 2393 765 2435 a.
782 2373 843 2436 126
858 2374 932 2448 iniit,
955 2379 991 2436 cl.
1009 2376 1166 2438 Suetonius
1181 2377 1253 2458 hug.
1269 2377 1333 2457 26).
1363 2377 1490 2457 Benigne
1505 2378 1668 2456 Augustum

327 2482 446 2544 Phraati
466 2479 650 2562 respondisse
671 2497 767 2559 neque
782 2477 918 2541 Tiridatis
941 2498 1057 2542 causam
1080 2489 1178 2562 aperte
1200 2491 1300 2543 contra
1322 2500 1390 2543 eum
1414 2481 1578 2562 suscepisse
1592 2480 1670 2541 idem

328 2587 391 2648 sine
417 2585 505 2647 dubio
532 2593 610 2646 reete
636 2582 768 2658 tradidit3
799 2583 849 2644 sed
874 2602 942 2645 vere
967 2603 1034 2646 eum
1057 2585 1088 2646 in
1110 2584 1265 2646 amicitiam
1291 2603 1358 2645 cum
1380 2603 1447 2663 rege
1469 2602 1528 2644 nou
1551 2583 1671 2643 rediisse

328 2708 394 2751 cum
417 2707 452 2749 ex
475 2688 609 2749 universo
632 2704 729 2748 rernm
748 2693 826 2748 statu
840 2686 985 2766 colligitur
999 2687 1089 2768 signis
1104 2688 1220 2750 amissis
1233 2706 1416 2768 nequaquam
1432 2687 1576 2748 restitutis
1591 2684 1672 2765 (aide

328 2811 416 2873 supra
437 2811 466 2872 p.
484 2790 557 2870 111)
581 2799 643 2853 tum
666 2809 699 2852 ex
722 2790 786 2871 ipso
809 2809 853 2862 eo,
875 2791 953 2869 quod
968 2791 1117 2870 Augustus
1132 2791 1287 2871 Tigranem
1309 2791 1339 2852 in
1356 2791 1436 2871 Syria
1460 2791 1563 2870 degere
1577 2788 1671 2858 iussit,

329 2895 393 2958 sine
415 2893 503 2956 dubio
525 2913 559 2955 eo
582 2893 712 2966 consilio,
734 2894 855 2955 atinde
878 2903 976 2956 motas
998 2895 1028 2956 in
1052 2895 1143 2957 vicina
1166 2894 1283 2956 Parthia
1305 2904 1437 2975 pergeret
1459 2893 1592 2954 excitare.
1636 2891 1672 2952 lit

329 3000 444 3062 videtur
464 3017 531 3059 rere
545 2997 687 3060 Tiridates
703 2996 733 3059 in
748 3017 870 3078 regnum
886 2998 1017 3061 Phraatis
1032 2999 1178 3061 hostiliter
1192 2999 1340 3078 ingressus
1355 3017 1419 3060 esse
1434 3017 1527 3076 eoque
1542 3007 1672 3078 spectare

429 3201 451 3264 ¹)
473 3197 572 3249 Nummi
590 3197 704 3249 Parthici
729 3212 774 3264 per
795 3200 841 3251 hos
864 3215 944 3250 annos
967 3201 1062 3264 signati
1085 3215 1139 3250 enm
1161 3215 1248 3264 magne
1267 3215 1300 3250 ex
1319 3206 1390 3266 perte
1407 3215 1499 3250 anunm
1516 3213 1672 3263 mensemque

330 3288 473 3346 enuntient,
497 3300 584 3348 regum
605 3290 720 3350 tempore
741 3293 811 3336 recte
833 3287 993 3351 stabilirent,
1017 3288 1067 3338 nisi
1091 3301 1178 3338 nomen
1200 3287 1303 3338 Arsacis
1328 3286 1353 3334 iu
1377 3286 1491 3335 omnibus
1513 3285 1578 3335 idem
1596 3291 1673 3344 esset,

255 3395 259 3406 ·
330 3374 401 3424 tituli
418 3372 473 3423 lere
490 3372 566 3422 iidem
584 3377 612 3421 et
629 3371 654 3420 in
673 3371 728 3422 sole
745 3369 822 3423 leciei
839 3375 991 3425 diversitate
1010 3374 1129 3424 iudicium
1147 3380 1302 3426 verteretur.
1333 3371 1381 3436 Qui
1393 3379 1534 3438 postremus
1546 3371 1673 3436 quaestio-

332 3475 386 3510 nem
404 3458 529 3510 trnctevit
545 3455 626 3526 Percy
639 3455 756 3509 Gerdner
774 3460 823 3522 (tlte
840 3461 966 3511 Parthian
984 3463 1097 3525 eairragre.
1122 3459 1241 3510 Lnudiuii
1260 3459 1322 3510 1811
1337 3474 1359 3525 p.
1373 3459 1405 3509 42
1415 3459 1478 3524 seq.)
1496 3473 1550 3509 eum
1564 3472 1673 3506 nummos

330 3545 448 3596 Phraatis
470 3544 542 3594 buius
566 3544 761 3608 comprehendet
783 3545 852 3596 iuter
873 3562 896 3598 e.
915 3545 965 3598 Sel.
979 3547 1028 3597 216
1045 3569 1079 3588 ==
1097 3563 1121 3596 u.
1134 3563 1156 3596 e.
1171 3546 1247 3612 11118
1271 3553 1296 3596 et
1319 3545 1369 3596 Sel.
1389 3545 1437 3596 289
1455 3567 1489 3589 =
1507 3562 1530 3595 u.
1549 3561 1570 3595 o.
1590 3544 1674 3608 13611,

331 3649 375 3700 per
398 3633 498 3682 eosdem
522 3646 601 3681 nuuos
624 3630 672 3680 dno
694 3631 777 3697 eapite
800 3632 901 3683 diverse
927 3633 952 3684 in
977 3633 1082 3684 nummis
1105 3631 1299 3700 deprehendisse
1321 3631 1371 3682 sibi
1395 3633 1467 3682 visus
1489 3638 1541 3695 est,
1568 3631 1675 3681 alterum
1787 3669 1788 3690 ,

332 3719 406 3770 unius
424 3717 483 3768 enni
502 3717 552 3767 Sel.
571 3717 620 3767 286
638 3717 767 3780 (mensium
786 3715 920 3768 Artemisii
936 3718 1025 3786 Dystri
1039 3718 1134 3784 Deesii)
1145 3741 1178 3759 =
1190 3735 1215 3769 n.
1229 3735 1249 3770 c.
1263 3715 1349 3787 12112,
1367 3719 1476 3769 alteram
1494 3734 1517 3769 e.
1530 3719 1579 3768 285
1596 3719 1676 3776 (mea—
1787 3775 1788 3790 η

332 3806 367 3856 sis
380 3805 476 3864 Deesii)
490 3824 522 3847 =
533 3821 558 3855 n.
572 3819 593 3854 c.
607 3803 697 3872 12611;
716 3805 759 3854 sed
778 3811 859 3855 temen
878 3802 995 3855 Phraatis
1013 3821 1109 3871 quoqne
1128 3805 1220 3855 numani
1238 3806 1281 3870 qui
1294 3807 1432 3857 ereduntur
1444 3821 1500 3856 esse
1513 3805 1675 3871 reperiuntur

332 3893 401 3942 inter
423 3891 522 3940 eosdem
545 3892 668 3942 terminos
691 3891 754 3942 cusi.
790 3892 875 3942 Aliter
893 3891 1092 3958 Lougpericrius
1117 3892 1260 3952 (memoires
1282 3907 1328 3943 nte·
1345 3891 1369 3940 la
1387 3890 1548 3957 chronologia
1564 3889 1609 3941 dee
1624 3891 1676 3940 rnis

332 3979 439 4030 rorata
458 3977 594 4030 Arsacides
611 3995 634 4044 p.
653 3979 685 4029 at
697 3979 759 4045 seq.)
782 3993 893 4028 nummos
911 3977 1025 4040 ordinat,
1046 3977 1160 4028 iudicans
1179 3979 1246 4027 cerni
1265 3977 1291 4027 in
1311 3979 1343 4028 iis
1360 3994 1383 4028 e.
1402 3977 1451 4028 216
1469 4001 1502 4018 =
1520 3995 1544 4028 u.
1563 3995 1584 4028 c.
1600 3975 1676 4046 11118
1787 3989 1788 4022 t

333 4074 407 4131 eaput
418 4064 546 4128 Phraatis,
564 4080 586 4114 a.
600 4065 649 4115 218
667 4087 700 4106 =
712 4081 736 4115 u.
749 4080 770 4115 c.
785 4066 860 4124 12011
873 4063 1006 4126 Tiridatis,
1023 4079 1045 4114 a.
1059 4064 1108 4114 280
1120 4087 1153 4104 --
1165 4081 1189 4114 n.
1207 4081 1228 4114 c.
1243 4061 1319 4132 12112
1336 4079 1425 4114 rursus
1438 4061 1563 4124 Phraatis,
1581 4079 1604 4114 a.
1619 4063 1675 4114 285.

333 4151 425 4202 286-ε
437 4169 462 4202 n.
475 4169 497 4202 e.
511 4149 589 4210 12618
608 4152 700 4202 iterum
713 4149 847 4213 Tiridatis,
865 4165 887 4200 ι.
901 4149 949 4199 281
961 4171 995 4189 =
1008 4164 1030 4197 n.
1044 4165 1065 4198 e.
1080 4148 1158 4212 12818
1176 4151 1256 4200 denno
1270 4149 1396 4201 Phraatis.
1414 4147 1441 4200 ln
1454 4165 1538 4200 rernm
1557 4151 1675 4200 memorie

335 4255 382 4289 non
405 4238 538 4289 invenitur
558 4238 622 4304 qnod
645 4237 777 4303 impediet,
804 4237 934 4303 quominus
957 4251 1100 4286 nummasn
1123 4235 1231 4288 Phraata
1254 4237 1363 4300 alienos,
1392 4236 1436 4286 sed
1458 4251 1503 4302 per
1527 4237 1598 4298 regni
1623 4237 1676 4286 eius

333 4332 445 4390 tempore
469 4340 543 4375 ensos
561 4325 592 4374 nd
607 4323 746 4374 Tiridatem
765 4321 917 4386 referemus,
939 4330 966 4373 et
983 4329 1089 4389 possunt
1107 4338 1166 4373 saue
1183 4339 1228 4388 per
1240 4324 1286 4374 hos
1303 4337 1381 4373 annos
1403 4321 1445 4372 vel
1458 4323 1543 4373 eodem
1557 4329 1676 4388 tempore,
1787 4355 1788 4400 3

334 4412 360 4462 in
378 4411 490 4462 diversis
508 4411 610 4462 scilicet
628 4409 698 4473 regni
717 4409 841 4476 partibus,
859 4410 907 4459 dno
927 4425 1000 4474 regns
1018 4417 1146 4460 certantes
1164 4425 1276 4460 nummos
1294 4409 1402 4460 audisse.
1424 4408 1471 4460 Sed
1485 4423 1557 4474 quam
1570 4409 1677 4459 incertis

334 4496 503 4548 &ndumentis
530 4496 692 4546 coniecturae
713 4497 775 4547 illae
798 4497 926 4561 nitentur,
952 4497 1007 4561 ipsa
1030 4511 1115 4547 eurum
1136 4496 1275 4546 diversitas
1298 4497 1363 4545 satis
1384 4495 1506 4545 declaret.
1541 4494 1567 4544 ha
1590 4501 1676 4544 nostro
1787 4551 1788 4560 η

335 4599 421 4634 museo
439 4584 481 4650 qui
498 4583 667 4634 adservantur
686 4585 772 4634 borum
791 4599 912 4634 annornm
931 4584 1035 4646 nummi,
1057 4583 1158 4634 scilicet
1175 4598 1196 4633 ι.
1210 4582 1268 4632 285.
1281 4581 1339 4631 286.
1358 4579 1406 4631 281
1424 4581 1519 4647 aliique
1538 4581 1677 4648 complures

335 4687 389 4722 eum
407 4670 465 4721 enni
484 4677 542 4720 note
562 4669 711 4723 oblitterata
730 4677 774 4720 eut
791 4683 819 4720 en
832 4669 959 4734 destituti,
977 4684 1050 4720 unam
1062 4669 1142 4720 saleru
1154 4667 1244 4720 laniem
1257 4683 1342 4719 omnes
1356 4667 1475 4718 videntur
1485 4668 1587 4735 bebere,
1605 4668 1676 4720 nimi-

335 4773 389 4808 rum
409 4756 533 4808 Phraatis.
