3656 5444
316 384 358 447 74
905 377 957 446 ΙΠ,
976 379 1082 434 35-39

316 559 591 641 Caesaraugustanis
628 559 858 621 Emeritensibus
896 559 1134 624 Cordubensibus
1175 559 1380 634 Patrensibus,
1423 560 1595 622 duodecima
1634 560 1665 621 in

315 665 505 728 Patrensibus
528 664 567 744 (v.
583 665 618 726 ad
635 665 664 738 5,
681 663 744 743 35).
789 662 843 725 Εεε
866 663 994 726 colonias
1016 664 1047 726 in
1070 665 1200 727 nummis
1224 664 1388 727 nominatas
1410 683 1469 726 non
1491 665 1667 726 adscendere

315 769 351 831 ad
380 779 511 850 tempora
544 767 680 830 victoriae
708 766 839 829 Actiacae
873 767 929 848 ipsi
961 767 1078 830 numeri
1111 769 1318 850 comprobant;
1351 787 1418 830 nam
1452 786 1519 830 cum
1553 777 1667 830 constet

316 873 482 952 Augustum
505 882 573 952 post
594 871 738 933 Actiacam
768 890 896 951 pugnam
925 871 960 933 ad
988 872 1199 952 quinquaginta
1226 872 1354 953 legiones
1384 891 1565 948 numerasse,
1588 883 1667 934 rete-

315 994 455 1038 ranorum
480 985 542 1037 tum
565 975 758 1037 deductorum
781 974 806 1035 si
828 975 944 1037 nummi
967 975 1138 1036 memoriam
1155 987 1328 1048 servassent,
1352 975 1468 1038 numeri
1483 995 1572 1057 supra
1592 977 1667 1038 duo-

316 1078 463 1141 decimum
492 1097 551 1140 non
585 1077 863 1158 desiderarentur1).
907 1077 1033 1152 Accedit,
1067 1081 1145 1159 quod
1180 1089 1332 1143 veteranos
1364 1080 1429 1142 illus
1454 1081 1604 1160 Augustus
1636 1081 1664 1142 in

316 1183 437 1246 coloniis
460 1181 567 1244 italicis
591 1182 749 1255 collocavit,
780 1201 854 1262 quac
880 1200 1020 1244 nummos
1042 1182 1138 1244 nullos
1166 1183 1356 1264 reliquemnt.
1400 1182 1444 1244 Ab
1470 1184 1559 1246 altera
1585 1195 1665 1264 parte

317 1287 498 1350 coloniarum
521 1286 557 1347 ab
579 1286 712 1366 Augusto
735 1286 764 1348 in
787 1284 945 1367 provinciis
968 1286 1158 1349 deductarum
1182 1288 1335 1369 plerasque
1357 1297 1435 1349 certe
1457 1286 1533 1349 circa
1556 1306 1664 1349 annum

316 1391 376 1452 740
400 1389 574 1452 constitutas
597 1409 660 1452 esse
683 1410 771 1472 supra
793 1409 821 1472 p.
838 1391 878 1452 65
901 1389 1036 1464 vidimus,
1069 1410 1201 1471 quaeque
1224 1410 1324 1454 earum
1355 1390 1501 1472 legionum
1528 1390 1666 1452 vocabula

315 1493 447 1556 nummis
469 1493 690 1574 inscripsenmt,
713 1494 743 1554 in
767 1513 801 1556 ec
823 1513 948 1556 numero
971 1513 1073 1556 omnes
1090 1513 1153 1556 esse
1169 1504 1220 1558 aut
1235 1503 1347 1556 certum
1363 1504 1408 1556 est
1422 1502 1474 1556 aut
1487 1493 1548 1555 veri
1563 1493 1665 1555 simile.

315 1599 416 1678 ltaque
438 1598 567 1678 legiones
589 1617 662 1678 quas
684 1598 834 1678 Augustus
857 1598 959 1661 habuit
980 1609 1048 1680 post
1068 1599 1177 1661 bellum
1201 1599 1352 1662 Actiacum
1375 1606 1442 1659 ante
1463 1597 1664 1660 Pannonicum

315 1720 438 1764 numero
460 1700 578 1780 quidem
601 1699 796 1781 duodeviginti
818 1704 947 1776 luerunt,
976 1703 1113 1765 vocabula
1142 1713 1240 1764 tamen
1266 1702 1342 1764 intra
1370 1719 1528 1763 numerum
1555 1701 1665 1764 duode-

315 1805 432 1867 narium
456 1824 488 1866 se
509 1804 729 1877 continuerunt,
753 1815 786 1866 ut
809 1814 924 1885 praeter
947 1808 1052 1868 seriem
1075 1807 1242 1869 continuam
1263 1806 1388 1887 aprima
1408 1805 1443 1867 ad
1464 1804 1664 1866 duodecimam

316 1918 375 1970 tres
399 1907 508 1981 tertiae,
535 1920 656 1987 quartae
677 1918 775 1970 autem
798 1919 828 1970 et
849 1909 968 1988 quintae
990 1921 1020 1971 et
1042 1921 1140 1972 sextae
1162 1922 1192 1972 et
1213 1910 1342 1972 decimae
1365 1909 1449 1970 binae
1471 1907 1665 1970 inveniantur.

315 2011 467 2073 Eiusmodi
496 2030 689 2074 numerorum
717 2011 874 2091 geminatio
902 2032 970 2076 curn
997 2013 1153 2075 abhorreat
1179 2014 1217 2075 ab
1248 2013 1396 2093 legionum
1431 2012 1666 2073 denominatione

315 2115 480 2195 antiquiore
502 2115 688 2196 coeperitque
711 2117 830 2178 demum
857 2115 1020 2197 imperante
1042 2119 1184 2196 Augusto,
1214 2117 1276 2178 sine
1299 2115 1387 2178 dubio
1417 2115 1485 2176 inde
1511 2115 1666 2196 repetenda

315 2229 369 2292 est,
397 2218 476 2299 quod
505 2237 540 2280 ex
567 2219 744 2281 exercitibus
773 2219 873 2301 Lepidi
903 2230 933 2282 et
953 2220 1081 2293 Antonii,
1111 2220 1163 2300 qui
1185 2219 1299 2282 Caesari
1326 2239 1358 2280 sc
1387 2218 1582 2291 tradiderunt,
1616 2237 1666 2280 sex

314 2321 443 2402 legiones
465 2322 491 2384 is
514 2321 576 2384 suis
597 2321 703 2384 adiecit
726 2322 856 2385 numeris
878 2323 1008 2386 retentis.
1046 2324 1078 2385 ld
1099 2325 1249 2386 evidenter
1268 2333 1388 2405 apparet
1402 2323 1432 2384 in
1450 2322 1544 2385 tribus
1565 2321 1665 2396 tertiis,

315 2445 440 2506 quarum
455 2425 551 2507 prima
573 2445 639 2489 cum
663 2437 764 2507 postea
786 2426 947 2508 appelletur
961 2426 1100 2506 Augusta,
1123 2428 1186 2489 sine
1201 2427 1289 2489 dubio
1303 2427 1341 2488 ab
1354 2427 1419 2507 ipso
1434 2426 1598 2507 conscripta
1612 2435 1665 2496 est,

315 2531 447 2602 alteram,
474 2547 548 2610 quae
571 2539 616 2592 eat
639 2529 754 2604 Gallica,
783 2538 898 2592 constat
927 2530 1069 2593 meruisse
1097 2531 1153 2592 sub
1174 2531 1311 2605 Antonio,
1341 2530 1456 2593 tertiam
1480 2530 1665 2611 Cyrenaicum

315 2632 465 2714 Lepidiani
491 2635 636 2696 exercitus
664 2642 777 2714 partem
808 2633 878 2696 olim
909 2635 999 2696 tuisse
1033 2643 1154 2716 propter
1186 2652 1295 2696 nomen
1329 2633 1486 2696 verisimile
1518 2643 1571 2696 est
1625 2632 1667 2694 De

314 2737 426 2817 quartis
446 2735 592 2816 quintis²)
612 2737 701 2799 sextis
716 2735 837 2799 decimis
852 2756 912 2799 nun
929 2737 999 2800 satis
1014 2746 1141 2819 apparet,
1164 2747 1246 2800 utrae
1261 2737 1386 2817 Augusti
1400 2736 1534 2819 propriae
1549 2737 1666 2808 luerint,

316 2852 395 2903 utras
427 2841 536 2904 alienas
569 2841 778 2921 adsumpserit,
812 2860 867 2902 nec
901 2841 992 2921 magis
1024 2841 1139 2904 deliniri
1173 2851 1283 2922 potest,
1319 2860 1463 2920 quaenam
1497 2861 1532 2903 ex
1559 2841 1605 2904 his
1631 2843 1667 2903 ad

314 2945 472 3008 Antonium
496 2945 604 3006 autad
627 2944 769 3025 Lepidum
792 2945 921 3006 redeant.

414 3049 511 3122 Quare
533 3058 567 3111 ut
589 3067 737 3112 summam
760 3067 822 3109 rem
846 3049 1083 3129 complectamur,
1102 3049 1211 3111 Caesar
1233 3068 1258 3109 a.
1275 3047 1336 3110 718
1364 3047 1395 3110 iu
1424 3048 1511 3111 tidem
1541 3047 1667 3130 acceptis

314 3151 477 3233 legionibus
507 3151 609 3232 Lepidi
641 3151 742 3231 viginti
770 3151 884 3214 duabus
911 3151 1045 3234 (Appian.
1062 3151 1089 3213 b.
1106 3153 1167 3214 c.5
1196 3151 1269 3225 1233
1297 3152 1423 3233 amplius
1455 3151 1569 3232 viginti:
1597 3153 1667 3214 Veli.

314 3255 344 3328 2,
361 3255 416 3328 80;
447 3255 562 3335 viginti:
590 3258 710 3318 Sueton.
730 3258 803 3336 Aug.
827 3255 889 3334 16),
919 3256 995 3317 inter
1021 3275 1094 3336 quas
1122 3265 1206 3318 erant
1235 3264 1300 3318 octo
1330 3268 1415 3318 antea
1446 3257 1512 3319 Sex.
1537 3255 1669 3337 Pompeii

315 3360 364 3438 (cf.
382 3359 533 3421 Drumann
559 3361 586 3432 1,
602 3359 665 3438 21),
698 3359 862 3438 legionibus
895 3359 1024 3440 praefuit
1056 3358 1246 3440 quadraginta
1279 3368 1419 3438 quattuor
1446 3360 1544 3434 (Oros.
1565 3359 1594 3432 6,
1615 3358 1669 3438 20)

315 3463 360 3524 rel
389 3461 580 3543 quadraginta
608 3463 737 3542 quinque
760 3461 1103 3545 (Appian.b.e.5,127
1126 3466 1162 3525 cl.
1179 3483 1205 3525 c.
1222 3463 1284 3539 53).
1329 3461 1534 3525 Exauctorarit
1564 3463 1667 3524 deinde

315 3565 417 3646 viginti
445 3563 525 3626 milia
552 3573 757 3628 veteranorum
787 3585 909 3629 suorum
933 3567 1113 3648 (Appiamb,
1131 3566 1214 3645 129),
1242 3575 1390 3648 practerea
1413 3565 1605 3646 Pompeianas
1627 3565 1670 3627 lc·

315 3669 415 3750 giones
443 3686 546 3730 omnes
569 3667 781 3749 (uiolata),
805 3689 840 3732 ex
863 3668 1027 3751 Lepidianis
1057 3679 1135 3732 certe
1158 3670 1299 3752 plurimas
1321 3670 1470 3744 dissolvit3
1498 3688 1668 3750 quareque

316 3783 447 3854 tempore
469 3771 608 3834 adversus
630 3771 791 3834 Antonium
820 3772 976 3852 dimicarit,
1005 3773 1133 3854 legiones
1160 3773 1263 3836 habuit
1290 3773 1376 3854 longe
1404 3773 1564 3855 pauciores.
1608 3773 1669 3834 An-

316 3876 429 3940 tonium
459 3885 522 3937 tum
557 3894 616 3937 nnn
644 3876 710 3957 plus
737 3895 793 3937 xxx
820 3877 962 3957 legiones,
990 3879 1113 3939 tortasse
1142 3876 1357 3957 duodetriginta
1385 3876 1589 3940 tantummodo
1617 3876 1669 3937 ba-

715 4047 727 4078 ζ

416 4131 437 4198 ¹)
454 4131 579 4183 [tenerius
598 4145 646 4180 uno
666 4131 805 4197 exemplari
823 4137 898 4181 notus
917 4138 943 4183 et
961 4131 1033 4198 plane
1058 4131 1198 4196 singularis
1221 4131 1315 4182 babens
1340 4132 1371 4182 ab
1394 4131 1477 4182 altera
1502 4137 1574 4197 parta
1596 4136 1670 4196 ceput

315 4219 435 4271 Caesaris
446 4219 494 4269 lilii
512 4218 603 4268 nudum
623 4217 678 4268 aine
697 4217 879 4284 adscriptione,
896 4217 927 4268 ab
942 4217 1024 4269 altere
1037 4218 1135 4269 leonem
1153 4235 1209 4268 cunr
1227 4219 1399 4284 adscriptione
1422 4231 1475 4273 nso
1488 4243 1495 4258 ·
1508 4229 1559 4272 xvr
1575 4215 1670 4281 (Ceben

315 4307 380 4369 Aug.
398 4305 446 4356 187
453 4321 460 4368 ;
483 4302 668 4355 Friadlacndar
690 4303 753 4371 apud
777 4304 900 4356 Sallctum
919 4307 1067 4355 naamismot.
1087 4303 1238 4364 Zoitscbril!
1256 4304 1279 4368 2,
1298 4305 1355 4366 117)
1375 4305 1506 4371 quominus
1524 4309 1623 4370 spectat
1640 4301 1670 4352 nd

317 4405 390 4441 unam
408 4391 535 4455 legionum
554 4389 715 4442 dimissarum
734 4397 793 4458 post
809 4405 915 4456 pugnarn
935 4389 1070 4454 Actiacam,
1092 4406 1139 4440 uon
1158 4391 1239 4441 solnm
1257 4390 1321 4441 nibil
1334 4391 1449 4457 impedit,
1468 4389 1510 4442 sad
1525 4391 1600 4441 atie·
1613 4389 1671 4440 indo

317 4479 342 4528 id
362 4478 556 4540 commendetur,
576 4478 640 4542 qnod
658 4477 736 4543 periti
755 4477 868 4529 indicant
886 4477 980 4543 capitis
997 4476 1110 4526 habiturn
1128 4476 1152 4525 ei
1171 4473 1225 4528 lere
1244 4478 1390 4544 tempestati
1409 4477 1502 4544 optime
1525 4475 1671 4527 conuenire.

314 4563 362 4618 Ubi
380 4577 456 4614 cuens
473 4563 517 4625 cit,
536 4562 681 4627 ignoratum
700 4564 743 4614 ned
762 4564 849 4631 populi
868 4561 972 4614 Romani
991 4569 1041 4625 cat,
1059 4578 1107 4612 uon
1125 4563 1240 4614 coloniae
1259 4564 1376 4614 alicuius.
1619 4556 1623 4565 '

414 4647 436 4710 1)
455 4646 565 4713 Quintae
584 4641 648 4699 rinae
667 4649 838 4701 tumulandus
856 4665 928 4716 quern
947 4649 1109 4702 Macedonica
1129 4665 1184 4700 cunr
1202 4651 1233 4700 nd
1247 4650 1381 4702 Caesarem
1394 4650 1545 4701 dictator-au
1558 4649 1672 4713 naricum,

314 4735 373 4787 inde
392 4751 441 4785 non
460 4735 577 4801 sequitur
596 4735 645 4786 iarn
663 4735 690 4785 in
709 4736 765 4786 cius
783 4735 901 4787 exercitu
913 4736 1028 4800 legiones
1041 4735 1128 4802 plnres
1142 4735 1254 4786 ciusdem
1268 4736 1365 4787 numeri
1377 4733 1470 4797 luisse,
1491 4749 1546 4785 num
1566 4733 1672 4786 unane

313 4821 442 4888 legionen
460 4829 513 4872 tuna
532 4827 634 4873 constet
651 4836 755 4873 numeru
774 4820 888 4873 carnisse
906 4828 996 4888 postca
1013 4821 1121 4886 demun,
1139 4819 1249 4874 fortasse
1267 4822 1314 4874 sub
1331 4821 1486 4886 triumviris,
1504 4820 1528 4872 ei
1548 4819 1637 4872 indito.
