3730 5434
932 365 955 433 Ι,
974 368 1078 422 22-24

436 552 498 606 cata
525 551 669 606 testantur
690 543 797 606 obiisse
818 563 843 605 a.
862 544 900 606 19
922 544 1127 626 imperatorem
1150 545 1256 608 iterum
1267 545 1291 626 ¹)
1313 554 1343 608 et
1364 545 1481 609 Tacitus
1504 545 1583 627 (ann.
1600 547 1627 620 1,
1644 545 1676 620 9)

436 647 537 710 scribit
557 655 625 727 post
645 647 758 710 obitum
779 647 903 727 Augusti
924 667 950 710 a.
975 650 1014 710 14
1036 657 1158 712 exeunte
1173 647 1289 710 Tiberio
1311 657 1428 711 auctore
1451 667 1560 712 nomen
1582 648 1677 730 impe·

435 751 539 813 ratoris
567 751 721 831 accepisse.
772 749 828 812 Sed
851 770 884 814 ea
910 752 1076 815 acclamatio
1105 761 1205 815 utrum
1233 751 1314 831 prior
1345 771 1382 814 an
1415 752 1560 832 posterior
1588 751 1677 814 luerit

434 863 464 915 et
495 855 614 916 alteram
647 852 763 933 quando
797 855 942 935 pepererit
968 872 1070 935 parum
1097 862 1220 928 constat,
1248 873 1315 916 cum
1338 855 1394 916 riri
1416 855 1479 918 eius
1502 855 1578 918 tituli
1604 856 1676 916 certi

434 957 591 1020 admodum
614 975 679 1018 raro
701 956 892 1038 reperiantur.
929 958 1090 1022 Verisimile
1113 965 1209 1020 tanmn
1231 965 1277 1020 est
1297 959 1394 1022 deum
1417 979 1442 1024 a.
1460 961 1499 1020 14
1518 958 1675 1022 secundam

433 1061 524 1124 luisse
546 1061 732 1142 prioremque
754 1079 818 1124 eam
833 1061 926 1142 ipsam
941 1080 1015 1136 esse,
1038 1061 1156 1141 quaein
1171 1060 1303 1142 Augusto
1317 1071 1363 1125 est
1376 1082 1434 1137 xxi,
1450 1063 1480 1125 in
1495 1061 1611 1124 Tiberio
1626 1079 1675 1122 vu.

432 1165 505 1228 Nam
527 1165 657 1245 primum
679 1165 731 1226 bas
752 1164 799 1226 rix
814 1163 935 1226 dubium
951 1173 996 1226 est
1010 1163 1155 1244 pertinere
1170 1164 1206 1226 ad
1220 1184 1267 1227 res
1282 1167 1312 1227 in
1327 1165 1480 1228 Germania
1495 1185 1547 1248 per
1562 1175 1676 1245 postre-

432 1288 497 1332 mos
517 1268 640 1349 Augusti
661 1286 753 1330 annos
775 1275 880 1346 gestas,
903 1267 1051 1347 quoniam,
1074 1276 1108 1330 ut
1129 1267 1169 1329 ait
1187 1267 1305 1330 Tacitus
1327 1287 1394 1332 aun.
1413 1270 1439 1342 1,
1463 1269 1492 1343 9,
1516 1267 1620 1332 bellum
1641 1287 1676 1330 aa

433 1383 590 1454 tempestate
617 1371 729 1434 nodum
754 1373 811 1434 εἰει·
834 1371 985 1433 adversam
1009 1370 1164 1434 domums
1183 1382 1340 1452 supererat.
1384 1371 1555 1434 Germaniae
1576 1381 1673 1433 autem

432 1474 605 1538 exercitibus
627 1493 694 1536 cum
717 1493 769 1554 per
790 1492 840 1535 eos
862 1492 954 1536 annos
970 1475 1160 1537 Germanicus
1177 1484 1333 1555 praeesset,
1355 1493 1415 1537 non
1431 1475 1532 1537 debuit
1545 1474 1673 1556 quidem,

431 1579 482 1641 sed
504 1587 582 1640 certe
603 1577 699 1660 potuit
720 1576 886 1639 acclamatio
908 1576 948 1638 ibi
970 1584 1052 1656 parta
1074 1595 1141 1639 cum
1165 1596 1199 1638 eo
1221 1578 1440 1640 communicari.
1481 1579 1583 1642 Potest
1604 1596 1674 1640 sane

431 1682 539 1764 opponi
572 1701 608 1743 ex
640 1680 742 1743 eodem
775 1679 849 1741 bello
882 1679 1101 1742 acclamationes
1128 1679 1200 1741 duas
1226 1698 1287 1742 non
1312 1689 1390 1743 recte
1417 1680 1523 1760 repeti;
1550 1688 1581 1742 at
1605 1699 1672 1742 cum

430 1785 553 1848 alterum
569 1784 624 1847 sub
637 1783 761 1864 Augusti
775 1781 911 1862 auspiciis
926 1791 1039 1862 gestum
1056 1781 1104 1858 sit
1120 1783 1244 1844 alterum
1259 1783 1314 1845 sub
1329 1783 1447 1857 Tiberii,
1469 1787 1591 1846 tortasse
1605 1782 1671 1845 inde

430 1886 651 1951 consuetudinis
673 1887 818 1967 neglectae
840 1885 988 1948 excusatio
1009 1885 1070 1967 peti
1085 1886 1201 1966 poterit.
1232 1885 1316 1948 Certe
1332 1887 1424 1948 multo
1439 1888 1538 1948 minus
1553 1885 1673 1967 mgitari

430 2000 527 2073 potest
556 1991 590 2052 de
618 1990 705 2052 rebus
731 1997 799 2070 post
823 2008 848 2050 a.
873 1991 910 2051 15
933 2007 949 2051 a
971 1989 1142 2052 Germanico
1164 1989 1198 2051 ad
1221 1989 1354 2051 Rhenum
1378 1989 1467 2069 gestis
1488 1989 1672 2070 imperatoris

429 2095 548 2157 nomine
574 2101 659 2156 antea
681 2112 697 2154 e
719 2093 874 2154 Germania
895 2092 922 2153 ei
944 2092 1078 2167 decreto,
1108 2111 1202 2172 neque
1223 2093 1383 2173 quidquam
1404 2092 1434 2154 in
1458 2093 1577 2156 Oriente
1600 2093 1672 2155 Ger-

430 2198 560 2261 manicus
584 2215 673 2259 manu
694 2198 793 2276 gessit.
827 2194 957 2275 Denique
979 2194 1076 2258 obstat
1098 2194 1245 2258 silentium
1268 2195 1375 2270 Taciti,
1401 2195 1541 2276 quicum
1565 2197 1670 2258 borum

429 2320 573 2364 annorum
595 2319 642 2362 res
664 2308 759 2380 gestas
782 2299 896 2380 copiose
919 2307 1032 2373 narret,
1061 2298 1281 2379 imperatorium
1304 2299 1446 2361 bonorem
1469 2299 1576 2362 iterum
1599 2318 1671 2361 oon·

420 2400 544 2468 'cessum
567 2403 614 2465 rix
637 2403 783 2465 tacuisset.
805 2439 846 2448 -
868 2403 1019 2464 Praeterea
1043 2402 1067 2463 si
1088 2412 1166 2465 recte
1187 2402 1223 2464 ad
1243 2401 1449 2464 Germanicum
1472 2403 1601 2466 revocari
1623 2402 1671 2464 in-

428 2510 615 2591 scriptionem
637 2511 779 2570 lastorum
795 2505 906 2586 collegii
922 2505 1068 2568 Arvalium
1085 2504 1282 2568 dedicatorum
1299 2514 1366 2567 ante
1381 2505 1504 2586 Augusti
1519 2525 1669 2569 excessum

518 2613 619 2692 [simp.‚
651 2630 724 2692 mag.
757 2611 828 2691 [rat.
857 2611 955 2672 Arool.
1060 2609 1146 2690 (pr.
1174 2609 1263 2690 epigr.
1287 2610 1303 2669 1
1328 2629 1355 2689 p.
1372 2607 1431 2683 333
1458 2608 1574 2671 Henzen
1603 2610 1669 2671 Arr.

426 2735 455 2798 p.
471 2717 618 2792 commu),
644 2713 712 2775 inde
739 2713 864 2775 efficitur
886 2731 953 2775 euni
976 2711 1181 2793 imperatorem
1211 2711 1321 2774 dictum
1348 2731 1412 2774 esse
1437 2711 1502 2773 vivo
1529 2713 1668 2792 Augusto.

428 2820 485 2882 Sed
507 2838 566 2899 quo
588 2799 769 2880 ratiocinatio
791 2816 839 2878 illa
854 2815 1011 2891 nitebatur,
1034 2835 1068 2878 eo
1084 2824 1215 2896 tempore
1229 2815 1436 2896 imperatorem
1451 2816 1540 2878 abum
1555 2817 1669 2879 nullum

424 2923 511 2985 nobis
532 2919 695 2983 innotuisse
716 2917 786 2980 buic
806 2917 869 2980 loco
891 2927 991 2999 aptum
1014 2927 1130 2998 praeter
1151 2918 1367 2993 Germanicum,
1389 2918 1418 2980 id
1440 2918 1499 2981 iam
1522 2919 1669 2982 sublatum

424 3036 470 3088 est
500 3034 531 3088 et
556 3042 679 3086 nummo
706 3030 736 3083 et
763 3019 846 3082 titulo
874 3039 969 3101 nuper
995 3021 1151 3102 repertis¹)
1180 3021 1413 3084 demonstratum
1442 3022 1475 3084 L.
1497 3023 1668 3086 Passienum

423 3129 533 3191 Rufum
562 3125 843 3189 consolamento
871 3143 906 3185 ex
927 3123 1022 3186 Africa
1049 3143 1112 3186 eam
1142 3124 1363 3206 appellationem
1385 3134 1563 3207 reportasse3
1591 3126 1669 3188 unde

425 3231 527 3293 collato
542 3231 604 3292 loeo
619 3227 718 3291 Velleii
729 3226 758 3301 2,
776 3227 835 3289 116
850 3226 928 3289 idem
944 3227 1031 3289 etiam
1047 3226 1082 3289 de
1102 3226 1192 3290 Cosso
1208 3227 1340 3291 Cornelio
1353 3228 1476 3292 Lentulo
1491 3247 1550 3292 cos.
1566 3248 1591 3290 a.
1605 3228 1665 3290 753

423 3343 568 3398 statuatur
589 3351 708 3396 necesse
729 3339 782 3392 est.
820 3330 914 3403 Quam
936 3329 974 3392 ob
996 3350 1058 3393 rem
1080 3349 1258 3411 quamquam
1280 3339 1419 3394 neutrum
1435 3331 1542 3394 borum
1556 3331 1667 3393 Arvalis

423 3436 582 3501 sacerdotio
597 3443 733 3498 ornatum
748 3433 839 3496 luisse
855 3442 994 3498 testatum
1010 3443 1063 3509 est,
1080 3434 1276 3516 supplementi
1286 3434 1365 3497 illius
1376 3435 1533 3498 auctoritas
1545 3452 1667 3514 magno·

423 3560 492 3623 pere
512 3541 636 3602 infracta
657 3546 711 3602 est

383 3764 447 3808 nar.
466 3747 493 3822 1,
507 3763 535 3808 aa
560 3744 642 3825 [Cum
656 3744 755 3806 deinde
766 3741 869 3824 plebis
885 3742 1049 3822 triumphos
1066 3741 1138 3804 mibi
1150 3743 1275 3821 squatus
1285 3743 1455 3813 decreuisset,
1476 3741 1480 3825 1
1499 3746 1539 3805 eia
1553 3745 1664 3825 sulper-

506 3867 534 3912 m
561 3849 622 3912 sedi
643 3849 689 3927 [ᾗ.
732 3847 809 3925 l[tem
831 3865 912 3928 saepe
934 3847 1047 3924 laurlus
1067 3845 1198 3926 deposui,
1221 3849 1239 3921 ξ
1260 3845 1291 3908 in
1313 3845 1459 3928 Capillatis
1482 3851 1563 3921 cotis,
1585 3848 1665 3929 quael

506 3971 533 4016 aa
562 3951 566 4034 l
590 3953 706 4032 quoque
729 3950 803 4012 bello
824 3950 1081 4031 nunculpooerom,
1102 3949 1221 4028 solutis.
1244 3952 1262 4024 ξ

320 4055 507 4138 on.2‚sosq.
530 4054 641 4130 Trou
674 4051 917 4138 ΤῆςΙὶβεελῆς]
939 4098 1379 4115 ......................
1399 4061 1575 4138 poppaeo..
1595 4051 1601 4138 Ι

560 4202 1064 4222 .........................
1078 4175 1123 4220 ων
1137 4153 1195 4240 τὴν
1211 4152 1357 4241 [δάφνην]
1382 4202 1409 4216 ..
1424 4201 1431 4216 .
1444 4202 1451 4217 .
1463 4155 1588 4239 (relique
1600 4157 1662 4238 [ere

555 4262 723 4345 perseum.

417 4455 437 4519 ¹)
455 4455 481 4506 ln
500 4455 578 4506 titulo
595 4456 676 4506 mosei
693 4452 855 4520 Neapolitani
874 4450 901 4502 C.
920 4448 938 4501 l.
958 4447 986 4500 b.
1001 4447 1035 4510 X.
1057 4449 1128 4513 1625,
1148 4449 1174 4500 ls
1187 4465 1234 4516 qno
1247 4449 1389 4517 appelletur
1402 4450 1513 4516 [flamma]
1525 4452 1661 4518 Augusta·

319 4541 373 4606 llis,
399 4543 504 4608 oos.]11,
528 4543 598 4610 imp,
627 4541 706 4604 magis
732 4538 882 4591 crediderim
904 4534 1068 4588 iterationem
1092 4537 1256 4602 neglegenter
1279 4537 1394 4588 omissam
1421 4552 1478 4588 esse
1505 4553 1577 4603 quam
1603 4539 1660 4589 inde

317 4628 484 4693 colligendum
503 4627 679 4679 Germanicum
696 4641 749 4678 esm
767 4625 898 4676 admisisse
915 4629 973 4691 post
990 4623 1106 4688 adeptum
1124 4624 1280 4676 consulatum
1299 4624 1441 4675 seeundum.

416 4715 436 4777 ¹)
458 4713 588 4766 Nummum
611 4713 691 4764 edidit
707 4712 816 4764 Mueller
833 4727 903 4762 aum.
920 4709 951 4761 de
968 4707 1105 4760 tanum
1122 4710 1234 4776 Afrique
1250 4712 1330 4777 suppl.
1350 4726 1374 4777 p.
1392 4709 1424 4760 13
1442 4709 1481 4760 sic
1498 4709 1659 4776 inscriptum:

315 4803 377 4868 imp.
398 4799 485 4864 Galsa]
581 4798 634 4852 divi
648 4800 671 4866 s.
688 4815 711 4868 p.
726 4798 765 4866 p.)
782 4795 821 4864 (t.
833 4796 989 4861 Paulianae]
1006 4793 1096 4862 Μαι
1106 4799 1167 4864 imp.
1194 4793 1307 4861 Titulus,
1324 4811 1395 4865 quom
1408 4795 1433 4846 in
1446 4796 1503 4848 vieo
1517 4795 1589 4848 [illes
1601 4795 1657 4862 agri
