3656 5444
780 395 828 462 VI,
849 397 915 451 1-3
1458 397 1519 462 139

174 571 389 660 πρεσβεύσεσι
422 573 476 637 καὶ
508 569 711 658 ‘casanatae
737 571 1060 657 κατασκευασάμενοι
1088 575 1145 659 τὴν
1174 572 1258 658 πρὸς
1289 578 1441 656 Κα1σαρα
1466 571 1523 639 τὸν

174 677 340 760 Σεβαστὸν
362 676 479 762 φιλίαν
501 673 701 761 ἀναθήματά
719 701 754 740 τε
774 675 943 762 ἀνέθηκαν
965 676 1001 741 ἐν
1022 681 1067 763 τῷ
1094 677 1297 760 Kanentellos
1319 678 1374 741 καὶ
1399 679 1524 743 οἰκείαν

174 777 292 862 σχεδόν
318 805 350 845 τι
373 777 621 865 παρεσκεύασαν
649 791 719 854 τοῖς
738 776 911 863 Ῥωμαίοις
940 775 1020 864 ὅλην
1041 779 1099 864 τήν
1120 777 1229 865 νῆσον,
1252 782 1398 845 disserens
1421 784 1524 847 deinde

175 886 341 962 decausis,
369 906 421 949 cur
442 887 536 948 insula
559 904 618 946 non
639 884 669 946 in
692 883 855 964 provinciae
877 888 1001 947 sormam
1025 885 1181 965 redigatur.
1204 921 1245 930 —
1268 886 1398 948 Duorum
1421 907 1522 968 regum

175 991 391 1064 Britannorum,
418 1009 492 1069 quos
513 989 648 1070 princeps
663 988 704 1050 ait
718 987 864 1070 supplices
879 989 915 1050 ad
930 1008 961 1051 se
976 988 1151 1069 confugisse,
1173 990 1245 1052 alter
1259 989 1524 1054 Dumnobellnnaos

175 1094 250 1168 sive,
280 1103 312 1157 ut
335 1102 380 1156 est
402 1093 432 1154 in
455 1093 587 1173 exemplo
610 1093 731 1165 Graeco,
762 1089 1041 1174 Δομνοελλαῦνσς,
1064 1111 1123 1154 non
1146 1093 1239 1155 solum
1262 1105 1381 1176 propter
1396 1094 1524 1157 nominis

174 1200 298 1260 formam
322 1197 457 1279 componi
479 1205 577 1278 potest
599 1215 666 1257 cum
689 1195 767 1257 notis
790 1195 955 1277 principum
978 1197 1153 1259 Gallicorum
1176 1197 1345 1259 nominibus
1360 1197 1525 1261 marcorio

175 1312 205 1364 et
228 1301 466 1374 converteramus,
494 1299 768 1363 Vercassivellaunus
789 1298 839 1378 (oi.
852 1309 972 1380 propter
993 1303 1119 1362 formam
1139 1301 1271 1362 vocabuli
1292 1301 1382 1363 Zeuss
1401 1321 1523 1382 gramm.

175 1403 265 1466 Celt.2
288 1425 316 1484 p.
333 1403 382 1466 87.
399 1403 487 1481 856),
516 1403 567 1466 sed
594 1411 694 1465 eatam
721 1403 837 1465 nummi
867 1403 930 1465 cusi
959 1403 989 1465 in
1012 1403 1161 1466 Britannia
1190 1404 1370 1467 meridionali
1392 1405 1525 1486 inscripti
1605 1471 1611 1482 ,

175 1508 440 1582 Bulnooellauoos‚
470 1527 544 1588 quos
573 1507 659 1588 periti
689 1507 726 1570 ad
747 1507 871 1588 Augusti
897 1515 1020 1570 aemtem
1052 1526 1186 1570 revocare
1209 1517 1238 1570 et
1259 1508 1327 1571 buio
1347 1509 1402 1592 ipsi
1425 1510 1524 1589 regulo

175 1612 333 1675 attribuere
356 1631 416 1674 non
438 1611 619 1674 dubitarunt.
655 1610 728 1674 Nam
752 1614 830 1692 quod
853 1611 936 1674 tertia
959 1611 1055 1676 littera
1077 1611 1155 1692 apud
1169 1611 1334 1690 Augustum
1357 1629 1392 1672 er
1415 1613 1523 1674 blacta

175 1724 221 1777 est
246 1735 290 1788 m,
319 1715 453 1778 similiter
482 1714 654 1777 vocabulum
685 1714 764 1794 quod
792 1713 894 1776 Latine
927 1713 1047 1776 effertur
1076 1713 1240 1776 Brtmaortc
1272 1713 1303 1775 id
1335 1715 1432 1794 ipsum
1460 1733 1525 1777 esse

175 1819 291 1881 videtur
312 1819 388 1898 quod
411 1817 559 1880 invenitur
579 1818 610 1880 in
631 1817 762 1878 nummis
778 1815 892 1879 Gallicis
910 1817 1070 1880 Dubnoren
1086 1817 1252 1898 (Buchalais
1274 1818 1361 1880 deror.
1383 1819 1429 1879 des
1451 1818 1524 1880 mid.

177 1922 260 1984 Gaul.
283 1943 312 2005 p.
331 1922 407 1996 1123
434 1921 524 1984 Zeuss
545 1922 563 1982 l.
580 1941 604 1984 c.
625 1941 653 2002 p.
670 1920 723 2000 20)
757 1929 786 1983 et
816 1919 996 2002 Cogidubnus
1025 1920 1102 1982 tituli
1129 1920 1288 1983 Britannici
1310 1920 1353 1995 (C.
1374 1921 1440 1994 Vll,
1472 1921 1523 2002 11)

176 2023 366 2107 Cogidumnas
388 2033 433 2087 est
448 2023 540 2086 Taciti
562 2023 668 2104 (Agric.
688 2026 748 2100 14).
785 2023 882 2086 Edidit
903 2043 953 2086 eos
975 2035 1042 2105 post
1057 2024 1128 2086 alios
1143 2025 1205 2086 lob.
1221 2023 1316 2087 Evans
1338 2025 1382 2086 tle
1404 2029 1480 2087 codes
1494 2027 1530 2106 os

175 2131 219 2194 tlte
241 2133 351 2192 aanor
373 2128 487 2190 Britoru
503 2127 650 2209 (londinii
675 2127 769 2206 1864)
791 2148 819 2208 p.
839 2125 898 2189 198
910 2146 970 2207 seq.
991 2127 1048 2190 tab.
1065 2130 1084 2190 4
1100 2148 1130 2190 n.
1146 2129 1175 2192 6.
1192 2129 1221 2188 7.
1237 2127 1266 2190 8.
1283 2129 1312 2190 9.
1332 2128 1379 2189 10.
1405 2129 1526 2204 11.12;
1625 2161 1628 2168 -

176 2250 301 2314 quorum
325 2232 524 2312 exemplorum
548 2231 606 2293 duo
629 2250 657 2292 n.
675 2233 694 2294 6
714 2240 744 2294 et
760 2231 778 2294 8
797 2231 872 2292 inira
895 2229 1016 2313 repetivi
1031 2230 1244 2295 adieeto'tertio
1259 2231 1387 2312 paullum
1411 2230 1525 2294 diverso

177 3701 271 3763 nuper
292 3691 459 3763 comparato
480 3701 615 3744 amusan
630 3690 740 3743 nostro.
771 3681 804 3742 ln
819 3699 853 3742 eo
869 3679 984 3742 nummi
1000 3679 1111 3743 variant
1124 3682 1202 3762 quod
1218 3684 1376 3764 septimum
1399 3684 1527 3744 elemen-

179 3796 241 3848 tum
270 3794 321 3847 aut
342 3807 358 3848 s
380 3794 425 3847 est
445 3795 498 3847 aut
518 3804 554 3858 ¹¹3
576 3793 724 3866 praeterea
747 3785 833 3846 modo
857 3805 888 3845 ιι
910 3783 1062 3854 scribitur,
1091 3785 1177 3845 modo
1201 3768 1284 3856 u‚·in'
1305 3797 1404 3848 nostro
1426 3794 1524 3848 autem

178 3889 320 3951 elementa
353 3909 385 3950 ea
414 3889 562 3950 deliciunt.
610 3888 719 3962 Erana,
752 3888 803 3967 qui
832 3896 910 3949 recta
938 3905 1077 3948 nummos
1104 3888 1269 3970 composuit
1297 3907 1364 3951 cum
1387 3889 1527 3950 hocloco

179 3992 362 4074 monumenti
387 3992 544 4074 Ancyram,
577 4009 732 4054 aureorum
765 3991 827 4053 eius
858 3990 935 4070 regis
967 3991 1025 4052 duo
1057 4008 1162 4069 genera
1195 3989 1329 4052 observat
1356 4010 1427 4052 cusa
1455 4010 1527 4064 esse,

177 4098 300 4158 alterum
328 4095 449 4177 reperiri
474 4096 505 4157 in
532 4096 650 4176 regione
672 4095 748 4156 llent
779 4092 997 4168 tantummodo,
1028 4093 1152 4155 alterum
1180 4093 1529 4176 inrepercussum

178 4208 332 4278 utramque
354 4218 406 4261 reu
427 4199 557 4261 tonuisse
579 4199 709 4260 vitientur
730 4206 760 4259 et
781 4196 896 4259 duobus
918 4196 988 4258 locis
1010 4196 1099 4258 simul
1120 4216 1259 4259 nummos
1281 4197 1427 4259 feriendos
1441 4215 1527 4259 oura-

179 4303 265 4366 visse.
310 4302 369 4365 llos
386 4302 549 4365 simillimos
564 4322 628 4365 esse
645 4319 835 4363 nummorum
851 4301 928 4380 regis
945 4293 1126 4374 Cunobelini‚
1149 4301 1199 4380 qui
1215 4300 1287 4364 obiit
1301 4319 1326 4362 c.
1342 4321 1367 4362 a.
1384 4301 1424 4362 40
1439 4321 1469 4383 p.
1486 4303 1529 4374 C..

177 4415 207 4468 et
236 4405 402 4486 proximum
431 4415 498 4467 ante
527 4407 607 4468 hunc
635 4423 772 4485 regnasse
800 4403 890 4464 videri
918 4402 1212 4466 Dumnobellannum.
1235 4437 1277 4448 -
1298 4405 1426 4466 Alterius
1453 4405 1529 4484 regis

177 4509 317 4583 Britanni,
338 4528 425 4589 quem
441 4511 591 4589 Angustus
605 4508 640 4571 ad
657 4529 688 4571 se
703 4507 868 4588 confugisse
883 4506 993 4580 scribit,
1009 4525 1117 4568 nomen
1132 4509 1337 4588 imperfectum
1352 4507 1527 4588 accepimus,

178 4631 283 4693 nempe
310 4631 377 4674 cum
406 4612 518 4675 litterae
545 4613 580 4674 ad
610 4611 640 4675 id
670 4613 850 4694 pertinentes
876 4628 1001 4672 numero
1023 4611 1113 4671 luisse
1135 4611 1288 4673 rideantur
1309 4610 1427 4672 latinae
1448 4630 1473 4671 c.
1491 4629 1528 4685 rx,

178 4715 301 4778 Graecae
323 4734 348 4777 c.
368 4733 406 4788 xi,
429 4716 537 4796 primas
561 4724 620 4778 tres
641 4715 673 4777 in
696 4715 799 4777 latino
821 4715 1031 4796 exemplorum
1053 4714 1142 4776 luisse
1158 4713 1337 4777 Chisbullius
1357 4722 1459 4776 auctor
1473 4725 1527 4788 est„

178 4820 228 4899 qui
263 4837 340 4881 unus
369 4837 418 4881 eas
447 4819 585 4894 servarit,
614 4819 644 4882 in
668 4819 784 4883 Graecis
812 4838 872 4882 non
899 4827 1034 4900 superest
1060 4817 1118 4881 nisi
1144 4818 1239 4900 prima
1265 4838 1292 4879 r.
1345 4816 1530 4899 Compararit
