3656 5444
753 385 912 456 uec-ae
1447 395 1508 459 123

157 569 368 632 commentario
390 570 522 649 adlegatu
544 568 639 650 posui,
662 567 710 630 hic
724 587 777 649 per
791 567 918 631 indicem
932 567 1056 648 repetivi
1070 568 1190 631 insertis
1205 570 1241 632 iis
1255 589 1373 651 quoque
1388 571 1510 634 coloniis

157 681 311 754 quattuor,
344 691 470 752 quarum
504 690 682 752 quamquam
709 680 849 734 neutrum
877 691 986 734 nomeu
1017 671 1155 748 traditur,
1189 674 1305 737 aliunde
1332 685 1448 739 constat
1474 675 1511 738 ab

158 777 289 857 Augusto
312 776 450 839 deductas
472 795 551 838 esse:

524 881 551 940 1.
584 876 760 952 Ariminum,
783 878 923 957 Augusta.

522 981 552 1042 2.
586 981 695 1044 Ateste.

523 1084 553 1146 3.
585 1083 716 1164 Augusta
738 1083 895 1148 Praetoria.

523 1189 553 1249 4.
586 1187 659 1250 Iulia
680 1189 810 1268 Augusta
831 1188 1038 1251 Taurinorum.

523 1294 552 1353 5.
585 1292 795 1367 Beneventum,
819 1292 890 1355 lulia
912 1293 1051 1372 Augusta.

523 1395 552 1457 6.
586 1395 727 1457 Bonoma.

524 1500 553 1559 7.
587 1497 694 1573 Brixia,
717 1498 857 1578 Augusta.

522 1601 552 1663 8.
585 1601 691 1682 Capua,
712 1602 786 1664 lulla
808 1602 947 1682 Augusta.

524 1704 554 1766 9.
587 1704 722 1767 Castrum
744 1723 853 1767 novum
877 1704 1020 1780 Etruriae,
1042 1705 1122 1767 lulia.

504 1809 553 1870 10.
587 1808 758 1883 Concordia,
781 1809 862 1872 lulia.

506 1910 554 1970 11.
589 1909 698 1973 Cumae
720 1907 773 1991 (1),
796 1911 878 1974 lulia.

505 2012 554 2074 12.
587 2013 723 2088 Dertona,
746 2014 827 2076 lulla.

505 2114 554 2177 13.
588 2116 701 2180 Fanum
723 2117 878 2192 Fortunae,
901 2118 982 2180 lulia.

505 2220 554 2280 14.
587 2220 709 2284 Falerio.

506 2325 555 2385 15.
589 2324 761 2406 Hispellum,
785 2325 866 2387 lulia.

505 2428 554 2490 16.
588 2427 686 2490 Lucus
707 2427 857 2503 Feroniae,
879 2428 960 2490 lulia.

508 2533 557 2593 17.
592 2531 767 2595 Minturnae.

507 2635 556 2698 18.
589 2635 670 2710 Nola,
694 2637 833 2716 Augusta.

507 2739 555 2802 19.
588 2739 769 2814 Parentium,
792 2738 872 2801 lulia.

506 2841 556 2904 211.
591 2842 706 2917 Parma,
729 2843 800 2905 lulia
822 2845 961 2922 Augusta.

506 2944 557 3006 21.
591 2945 685 3020 Pisae,
707 2945 788 3009 lulia.

507 3047 557 3109 22.
591 3049 756 3123 Pisaurum,
779 3049 859 3111 lulia.

505 3151 555 3213 23.
589 3152 669 3226 Pola,
692 3152 772 3215 lulia.

505 3254 556 3316 24.
592 3255 683 3318 Saena
706 3253 760 3336 (1),
783 3255 864 3318 lulia.

506 3357 556 3419 25.
591 3360 671 3432 Sora,
694 3359 775 3421 lulia.

505 3460 556 3522 26.
591 3462 707 3537 Suessa,
731 3462 812 3524 lulia.

505 3562 556 3625 27.
588 3565 730 3640 Sutrium,
753 3565 832 3627 lulia.

506 3666 557 3730 28.
591 3668 698 3742 Tuder,
721 3669 802 3730 lulia.

506 3770 556 3833 29.
590 3771 759 3844 Venafrum,
781 3771 853 3832 lulia
874 3771 1005 3851 Augusta

163 3872 199 3934 ad
221 3891 294 3952 ques
316 3881 436 3953 propter
457 3873 603 3955 Illyricum
627 3884 686 3937 tres
710 3874 864 3936 minimum
887 3873 1035 3936 addendae
1057 3882 1141 3936 sunt:

506 3977 557 4040 30.
590 3977 712 4051 Emona,
735 3977 816 4039 lulia.

506 4080 556 4141 31.
590 4080 681 4144 lader.

506 4182 556 4244 32.
591 4182 723 4256 Salouae‚
745 4181 826 4244 lulia.

263 4283 497 4348 Consentaneum
520 4297 566 4348 est
588 4287 643 4348 hoc
663 4284 759 4347 indice
782 4284 997 4366 duodetriginta
1019 4286 1147 4348 colonias
1161 4287 1197 4348 ab
1208 4286 1339 4368 Augusto
1355 4284 1515 4348 intellectas

163 4405 266 4450 omues
295 4397 346 4450 aut
375 4391 434 4451 lere
464 4408 566 4452 omnes
595 4389 818 4471 comprehendi,
848 4390 899 4451 sed
926 4390 996 4450 item
1019 4390 1131 4469 aliquot
1151 4390 1281 4452 civitates
1303 4388 1334 4450 iu
1357 4409 1391 4450 eo
1414 4388 1516 4450 referri

163 4508 198 4551 er
226 4491 275 4553 illo
302 4510 427 4554 numero
456 4493 634 4556 eximendae.
678 4495 735 4556 Eae
762 4512 904 4575 quaenam
933 4493 993 4554 sint
1013 4492 1146 4573 quaestio
1169 4510 1262 4571 neque
1285 4491 1371 4554 huius
1393 4491 1449 4553 loci
1471 4501 1517 4553 est

163 4611 217 4656 nec
244 4603 277 4656 ut
304 4614 368 4657 rnea
390 4599 447 4659 fert
468 4597 567 4677 opinio
590 4605 668 4659 recte
691 4597 762 4659 solvi
783 4604 897 4678 potest3
925 4613 1015 4677 quare
1038 4595 1129 4675 magis
1152 4596 1244 4676 placet
1265 4614 1327 4657 rem
1350 4595 1381 4658 in
1403 4595 1516 4658 incerto

162 4697 326 4778 relinquere
348 4718 435 4780 quam
459 4699 620 4782 speciosam
643 4699 827 4763 concordiam
850 4699 1032 4780 argumentis
1053 4716 1158 4779 parum
1182 4696 1283 4760 solidis
1305 4699 1428 4762 efficere.
