<?xml version="1.0" encoding="UTF-8"?>
<!DOCTYPE html PUBLIC "-//W3C//DTD XHTML 1.0 Transitional//EN"
    "http://www.w3.org/TR/xhtml1/DTD/xhtml1-transitional.dtd">
<html xmlns="http://www.w3.org/1999/xhtml" xml:lang="en" lang="en">
 <head>
  <title>
</title>
<meta http-equiv="Content-Type" content="text/html;charset=utf-8" />
  <meta name='ocr-system' content='tesseract 3.04.00' />
  <meta name='ocr-capabilities' content='ocr_page ocr_carea ocr_par ocr_line ocrx_word'/>
</head>
<body>
  <div class='ocr_page' id='page_1' title='image "./resgestaediviau00augugoog_0119.png"; bbox 0 0 3730 5434; ppageno 0'>
   <div class='ocr_carea' id='block_1_1' title="bbox 254 335 1073 403">
    <p class='ocr_par' dir='ltr' id='par_1_1' title="bbox 254 335 1073 403">
     <span class='ocr_line' id='line_1_1' title="bbox 254 335 1073 403; baseline -0.006 -10"><span class='ocrx_word' id='word_1_1' title='bbox 254 347 257 354; x_wconf 85' lang='grc'><strong>’</strong></span> <span class='ocrx_word' id='word_1_2' title='bbox 324 339 367 403; x_wconf 84' lang='grc'>54</span> <span class='ocrx_word' id='word_1_3' title='bbox 932 335 985 402; x_wconf 89' lang='grc' dir='ltr'>ῙΠ,</span> <span class='ocrx_word' id='word_1_4' title='bbox 1007 336 1073 389; x_wconf 84' lang='grc'>1-6</span> 
     </span>
    </p>
   </div>
   <div class='ocr_carea' id='block_1_2' title="bbox 324 513 1683 2461">
    <p class='ocr_par' dir='ltr' id='par_1_2' title="bbox 324 513 1683 2461">
     <span class='ocr_line' id='line_1_2' title="bbox 423 513 1677 596; baseline -0.002 -16"><span class='ocrx_word' id='word_1_5' title='bbox 423 514 558 580; x_wconf 84' lang='lat' dir='ltr'>Consiliis</span> <span class='ocrx_word' id='word_1_6' title='bbox 581 513 705 595; x_wconf 85' lang='lat' dir='ltr'>publicis</span> <span class='ocrx_word' id='word_1_7' title='bbox 733 523 766 576; x_wconf 88' lang='lat' dir='ltr'>ut</span> <span class='ocrx_word' id='word_1_8' title='bbox 788 513 930 577; x_wconf 83' lang='lat' dir='ltr'>interesse</span> <span class='ocrx_word' id='word_1_9' title='bbox 952 514 1019 576; x_wconf 87' lang='lat' dir='ltr'>filiis</span> <span class='ocrx_word' id='word_1_10' title='bbox 1040 515 1149 588; x_wconf 88' lang='lat' dir='ltr'>liceret,</span> <span class='ocrx_word' id='word_1_11' title='bbox 1171 516 1322 596; x_wconf 79' lang='lat' dir='ltr'>Augustus</span> <span class='ocrx_word' id='word_1_12' title='bbox 1344 515 1386 578; x_wconf 88' lang='lat' dir='ltr'>ait</span> <span class='ocrx_word' id='word_1_13' title='bbox 1406 524 1541 578; x_wconf 88' lang='lat' dir='ltr'>senatum</span> <span class='ocrx_word' id='word_1_14' title='bbox 1563 517 1602 578; x_wconf 91' lang='lat' dir='ltr'>ita</span> <span class='ocrx_word' id='word_1_15' title='bbox 1625 517 1677 578; x_wconf 89' lang='lat' dir='ltr'>de-</span> 
     </span>
     <span class='ocr_line' id='line_1_3' title="bbox 324 618 1679 700; baseline 0 -17"><span class='ocrx_word' id='word_1_16' title='bbox 324 621 458 693; x_wconf 83' lang='lat' dir='ltr'>crevisse,</span> <span class='ocrx_word' id='word_1_17' title='bbox 483 629 516 681; x_wconf 88' lang='lat' dir='ltr'>ut</span> <span class='ocrx_word' id='word_1_18' title='bbox 537 639 572 680; x_wconf 90' lang='lat' dir='ltr'>eo</span> <span class='ocrx_word' id='word_1_19' title='bbox 594 619 658 680; x_wconf 88' lang='lat' dir='ltr'>iure</span> <span class='ocrx_word' id='word_1_20' title='bbox 680 625 835 681; x_wconf 89' lang='lat' dir='ltr'>uterentur</span> <span class='ocrx_word' id='word_1_21' title='bbox 857 619 924 680; x_wconf 92' lang='lat' dir='ltr'>inde</span> <span class='ocrx_word' id='word_1_22' title='bbox 945 619 982 680; x_wconf 93' lang='lat' dir='ltr'>ab</span> <span class='ocrx_word' id='word_1_23' title='bbox 1002 638 1037 680; x_wconf 91' lang='lat' dir='ltr'>eo</span> <span class='ocrx_word' id='word_1_24' title='bbox 1059 620 1115 693; x_wconf 90' lang='lat' dir='ltr'>die,</span> <span class='ocrx_word' id='word_1_25' title='bbox 1138 639 1197 700; x_wconf 90' lang='lat' dir='ltr'>quo</span> <span class='ocrx_word' id='word_1_26' title='bbox 1218 620 1250 681; x_wconf 90' lang='lat' dir='ltr'>in</span> <span class='ocrx_word' id='word_1_27' title='bbox 1265 623 1362 684; x_wconf 87' lang='lat' dir='ltr'>lorum</span> <span class='ocrx_word' id='word_1_28' title='bbox 1379 618 1495 682; x_wconf 85' lang='lat' dir='ltr'>deducti</span> <span class='ocrx_word' id='word_1_29' title='bbox 1510 619 1579 682; x_wconf 90' lang='lat' dir='ltr'>sint.</span> <span class='ocrx_word' id='word_1_30' title='bbox 1612 621 1679 694; x_wconf 84' lang='lat' dir='ltr'>Quo</span> 
     </span>
     <span class='ocr_line' id='line_1_4' title="bbox 324 721 1680 798; baseline -0.003 -10"><span class='ocrx_word' id='word_1_31' title='bbox 324 744 392 788; x_wconf 87' lang='lat' dir='ltr'>eum</span> <span class='ocrx_word' id='word_1_32' title='bbox 421 722 538 786; x_wconf 83' lang='lat' dir='ltr'>deducti</span> <span class='ocrx_word' id='word_1_33' title='bbox 565 741 629 784; x_wconf 91' lang='lat' dir='ltr'>esse</span> <span class='ocrx_word' id='word_1_34' title='bbox 655 721 809 784; x_wconf 91' lang='lat' dir='ltr'>videantur</span> <span class='ocrx_word' id='word_1_35' title='bbox 837 722 866 783; x_wconf 88' lang='lat' dir='ltr'>lr.</span> <span class='ocrx_word' id='word_1_36' title='bbox 889 722 949 784; x_wconf 90' lang='lat' dir='ltr'>lan.</span> <span class='ocrx_word' id='word_1_37' title='bbox 972 742 997 785; x_wconf 85' lang='lat' dir='ltr'>a.</span> <span class='ocrx_word' id='word_1_38' title='bbox 1022 724 1083 785; x_wconf 81' lang='lat'>749</span> <span class='ocrx_word' id='word_1_39' title='bbox 1105 733 1136 785; x_wconf 87' lang='lat' dir='ltr'>et</span> <span class='ocrx_word' id='word_1_40' title='bbox 1158 723 1236 798; x_wconf 76' lang='lat'>752,</span> <span class='ocrx_word' id='word_1_41' title='bbox 1270 732 1390 786; x_wconf 89' lang='lat' dir='ltr'>senatus</span> <span class='ocrx_word' id='word_1_42' title='bbox 1418 722 1552 786; x_wconf 83' lang='lat' dir='ltr'>consrdta</span> <span class='ocrx_word' id='word_1_43' title='bbox 1578 723 1624 785; x_wconf 86' lang='lat' dir='ltr'>illa</span> <span class='ocrx_word' id='word_1_44' title='bbox 1652 724 1680 786; x_wconf 89' lang='lat' dir='ltr'>si</span> 
     </span>
     <span class='ocr_line' id='line_1_5' title="bbox 324 825 1680 911; baseline 0 -21"><span class='ocrx_word' id='word_1_45' title='bbox 324 835 548 911; x_wconf 90' lang='lat' dir='ltr'>praecesserunt</span> <span class='ocrx_word' id='word_1_46' title='bbox 570 825 785 899; x_wconf 86' lang='lat' dir='ltr'>deductionem,</span> <span class='ocrx_word' id='word_1_47' title='bbox 808 829 882 887; x_wconf 85' lang='lat' dir='ltr'>faeta</span> <span class='ocrx_word' id='word_1_48' title='bbox 905 825 966 887; x_wconf 89' lang='lat' dir='ltr'>sint</span> <span class='ocrx_word' id='word_1_49' title='bbox 987 844 1107 888; x_wconf 86' lang='lat' dir='ltr'>neeesse</span> <span class='ocrx_word' id='word_1_50' title='bbox 1134 835 1180 888; x_wconf 90' lang='lat' dir='ltr'>est</span> <span class='ocrx_word' id='word_1_51' title='bbox 1201 845 1227 888; x_wconf 87' lang='lat' dir='ltr'>a.</span> <span class='ocrx_word' id='word_1_52' title='bbox 1244 825 1305 887; x_wconf 78' lang='lat'>748</span> <span class='ocrx_word' id='word_1_53' title='bbox 1324 835 1354 888; x_wconf 86' lang='lat' dir='ltr'>el</span> <span class='ocrx_word' id='word_1_54' title='bbox 1375 827 1445 886; x_wconf 82' lang='lat'>751.</span> <span class='ocrx_word' id='word_1_55' title='bbox 1491 827 1548 888; x_wconf 90' lang='lat' dir='ltr'>Sed</span> <span class='ocrx_word' id='word_1_56' title='bbox 1571 828 1680 909; x_wconf 91' lang='lat' dir='ltr'>opponi</span> 
     </span>
     <span class='ocr_line' id='line_1_6' title="bbox 324 927 1680 1014; baseline -0.001 -20"><span class='ocrx_word' id='word_1_57' title='bbox 324 941 424 1014; x_wconf 88' lang='lat' dir='ltr'>potest</span> <span class='ocrx_word' id='word_1_58' title='bbox 449 931 528 1012; x_wconf 85' lang='lat' dir='ltr'>qued</span> <span class='ocrx_word' id='word_1_59' title='bbox 549 931 700 1010; x_wconf 77' lang='lat' dir='ltr'>Augustus</span> <span class='ocrx_word' id='word_1_60' title='bbox 725 929 756 990; x_wconf 92' lang='lat' dir='ltr'>in</span> <span class='ocrx_word' id='word_1_61' title='bbox 783 927 880 990; x_wconf 90' lang='lat' dir='ltr'>indice</span> <span class='ocrx_word' id='word_1_62' title='bbox 909 949 981 992; x_wconf 89' lang='lat' dir='ltr'>usus</span> <span class='ocrx_word' id='word_1_63' title='bbox 1011 939 1056 992; x_wconf 91' lang='lat' dir='ltr'>est</span> <span class='ocrx_word' id='word_1_64' title='bbox 1082 929 1238 992; x_wconf 85' lang='lat' dir='ltr'>indicativo</span> <span class='ocrx_word' id='word_1_65' title='bbox 1265 929 1314 990; x_wconf 83' lang='lat' dir='ltr'>vir</span> <span class='ocrx_word' id='word_1_66' title='bbox 1342 930 1477 1004; x_wconf 86' lang='lat' dir='ltr'>ferendo,</span> <span class='ocrx_word' id='word_1_67' title='bbox 1508 931 1533 992; x_wconf 90' lang='lat' dir='ltr'>si</span> <span class='ocrx_word' id='word_1_68' title='bbox 1560 939 1680 993; x_wconf 90' lang='lat' dir='ltr'>senatus</span> 
     </span>
     <span class='ocr_line' id='line_1_7' title="bbox 324 1031 1679 1114; baseline -0.001 -16"><span class='ocrx_word' id='word_1_69' title='bbox 324 1036 458 1098; x_wconf 87' lang='lat' dir='ltr'>consulta</span> <span class='ocrx_word' id='word_1_70' title='bbox 478 1034 527 1097; x_wconf 90' lang='lat' dir='ltr'>illa</span> <span class='ocrx_word' id='word_1_71' title='bbox 556 1043 623 1096; x_wconf 89' lang='lat' dir='ltr'>aute</span> <span class='ocrx_word' id='word_1_72' title='bbox 653 1032 857 1095; x_wconf 86' lang='lat' dir='ltr'>deductionem</span> <span class='ocrx_word' id='word_1_73' title='bbox 885 1035 960 1095; x_wconf 85' lang='lat' dir='ltr'>laeta</span> <span class='ocrx_word' id='word_1_74' title='bbox 991 1042 1069 1106; x_wconf 85' lang='lat' dir='ltr'>sunl,</span> <span class='ocrx_word' id='word_1_75' title='bbox 1092 1034 1143 1094; x_wconf 89' lang='lat' dir='ltr'>sed</span> <span class='ocrx_word' id='word_1_76' title='bbox 1165 1033 1216 1113; x_wconf 87' lang='lat' dir='ltr'>qui</span> <span class='ocrx_word' id='word_1_77' title='bbox 1240 1031 1357 1096; x_wconf 91' lang='lat' dir='ltr'>tolerari</span> <span class='ocrx_word' id='word_1_78' title='bbox 1379 1033 1481 1114; x_wconf 89' lang='lat' dir='ltr'>possit,</span> <span class='ocrx_word' id='word_1_79' title='bbox 1515 1033 1541 1096; x_wconf 90' lang='lat' dir='ltr'>si</span> <span class='ocrx_word' id='word_1_80' title='bbox 1570 1033 1679 1096; x_wconf 84' lang='lat' dir='ltr'>deduc-</span> 
     </span>
     <span class='ocr_line' id='line_1_8' title="bbox 325 1135 1679 1217; baseline -0.001 -16"><span class='ocrx_word' id='word_1_81' title='bbox 325 1139 435 1202; x_wconf 92' lang='lat' dir='ltr'>tionem</span> <span class='ocrx_word' id='word_1_82' title='bbox 474 1139 574 1200; x_wconf 88' lang='lat' dir='ltr'>statim</span> <span class='ocrx_word' id='word_1_83' title='bbox 610 1144 710 1199; x_wconf 85' lang='lat' dir='ltr'>secuta</span> <span class='ocrx_word' id='word_1_84' title='bbox 744 1142 815 1197; x_wconf 92' lang='lat' dir='ltr'>sunt</span> <span class='ocrx_word' id='word_1_85' title='bbox 847 1135 988 1198; x_wconf 80' lang='lat' dir='ltr'>consulta.</span> <span class='ocrx_word' id='word_1_86' title='bbox 1043 1135 1116 1198; x_wconf 85' lang='lat' dir='ltr'>Utut</span> <span class='ocrx_word' id='word_1_87' title='bbox 1149 1145 1206 1208; x_wconf 86' lang='lat' dir='ltr'>est,</span> <span class='ocrx_word' id='word_1_88' title='bbox 1244 1137 1323 1199; x_wconf 92' lang='lat' dir='ltr'>idem</span> <span class='ocrx_word' id='word_1_89' title='bbox 1355 1155 1421 1198; x_wconf 89' lang='lat' dir='ltr'>esse</span> <span class='ocrx_word' id='word_1_90' title='bbox 1452 1155 1527 1217; x_wconf 83' lang='lat' dir='ltr'>nego</span> <span class='ocrx_word' id='word_1_91' title='bbox 1561 1147 1679 1200; x_wconf 87' lang='lat' dir='ltr'>senatus</span> 
     </span>
     <span class='ocr_line' id='line_1_9' title="bbox 325 1238 1680 1322; baseline -0.001 -18"><span class='ocrx_word' id='word_1_92' title='bbox 325 1241 492 1304; x_wconf 87' lang='lat' dir='ltr'>consultum</span> <span class='ocrx_word' id='word_1_93' title='bbox 516 1240 568 1303; x_wconf 85' lang='lat' dir='ltr'>Gai</span> <span class='ocrx_word' id='word_1_94' title='bbox 590 1259 677 1302; x_wconf 88' lang='lat' dir='ltr'>eausa</span> <span class='ocrx_word' id='word_1_95' title='bbox 698 1258 723 1300; x_wconf 90' lang='lat' dir='ltr'>a.</span> <span class='ocrx_word' id='word_1_96' title='bbox 741 1238 802 1301; x_wconf 79' lang='lat'>748</span> <span class='ocrx_word' id='word_1_97' title='bbox 824 1243 944 1314; x_wconf 90' lang='lat' dir='ltr'>lactum,</span> <span class='ocrx_word' id='word_1_98' title='bbox 971 1241 1007 1302; x_wconf 92' lang='lat' dir='ltr'>de</span> <span class='ocrx_word' id='word_1_99' title='bbox 1033 1259 1092 1321; x_wconf 88' lang='lat' dir='ltr'>quo</span> <span class='ocrx_word' id='word_1_100' title='bbox 1114 1240 1168 1303; x_wconf 86' lang='lat' dir='ltr'>llio</span> <span class='ocrx_word' id='word_1_101' title='bbox 1197 1250 1264 1322; x_wconf 89' lang='lat' dir='ltr'>post</span> <span class='ocrx_word' id='word_1_102' title='bbox 1290 1240 1377 1303; x_wconf 87' lang='lat' dir='ltr'>verba</span> <span class='ocrx_word' id='word_1_103' title='bbox 1404 1259 1492 1322; x_wconf 92' lang='lat' dir='ltr'>snpra</span> <span class='ocrx_word' id='word_1_104' title='bbox 1519 1241 1612 1304; x_wconf 82' lang='lat' dir='ltr'>adlata</span> <span class='ocrx_word' id='word_1_105' title='bbox 1639 1242 1680 1303; x_wconf 87' lang='lat' dir='ltr'>ita</span> 
     </span>
     <span class='ocr_line' id='line_1_10' title="bbox 327 1331 1679 1431; baseline 0.001 -24"><span class='ocrx_word' id='word_1_106' title='bbox 327 1349 427 1408; x_wconf 80' lang='lat' dir='ltr'><strong>refert:</strong></span> <span class='ocrx_word' id='word_1_107' title='bbox 455 1342 511 1406; x_wconf 81' lang='grc' dir='ltr'>καὶ</span> <span class='ocrx_word' id='word_1_108' title='bbox 538 1341 620 1426; x_wconf 81' lang='grc' dir='ltr'><strong><em>μετὰ</em></strong></span> <span class='ocrx_word' id='word_1_109' title='bbox 648 1340 747 1430; x_wconf 56' lang='grc' dir='ltr'><strong><em>τοῦθ’</em></strong></span> <span class='ocrx_word' id='word_1_110' title='bbox 778 1337 957 1426; x_wconf 74' lang='grc' dir='ltr'><strong><em>ἱερωσύνην</em></strong></span> <span class='ocrx_word' id='word_1_111' title='bbox 985 1344 1045 1424; x_wconf 84' lang='grc' dir='ltr'>μέν</span> <span class='ocrx_word' id='word_1_112' title='bbox 1070 1331 1147 1408; x_wconf 83' lang='grc' dir='ltr'><strong><em>τινα</em></strong></span> <span class='ocrx_word' id='word_1_113' title='bbox 1174 1339 1262 1426; x_wconf 78' lang='grc' dir='ltr'><strong><em>αὐτῷ</em></strong></span> <span class='ocrx_word' id='word_1_114' title='bbox 1285 1344 1382 1423; x_wconf 78' lang='lat' dir='ltr'>(Gaio)</span> <span class='ocrx_word' id='word_1_115' title='bbox 1411 1342 1468 1406; x_wconf 78' lang='grc' dir='ltr'>καὶ</span> <span class='ocrx_word' id='word_1_116' title='bbox 1497 1343 1555 1431; x_wconf 83' lang='grc' dir='ltr'>τὴν</span> <span class='ocrx_word' id='word_1_117' title='bbox 1583 1344 1615 1420; x_wconf 75' lang='grc' dir='ltr'>ἐς</span> <span class='ocrx_word' id='word_1_118' title='bbox 1642 1345 1679 1408; x_wconf 85' lang='grc' dir='ltr'>τὸ</span> 
     </span>
     <span class='ocr_line' id='line_1_11' title="bbox 328 1442 1679 1536; baseline -0.002 -22"><span class='ocrx_word' id='word_1_119' title='bbox 328 1447 502 1533; x_wconf 80' lang='grc' dir='ltr'><strong><em>συνέδριον</em></strong></span> <span class='ocrx_word' id='word_1_120' title='bbox 524 1449 747 1530; x_wconf 79' lang='grc' dir='ltr'><strong><em>συμφοίτησιν</em></strong></span> <span class='ocrx_word' id='word_1_121' title='bbox 768 1442 807 1509; x_wconf 85' lang='grc' dir='ltr'>τό</span> <span class='ocrx_word' id='word_1_122' title='bbox 828 1468 864 1509; x_wconf 81' lang='grc' dir='ltr'>τε</span> <span class='ocrx_word' id='word_1_123' title='bbox 886 1445 1099 1510; x_wconf 72' lang='grc' dir='ltr'><strong><em>συνθεᾶσθατ</em></strong></span> <span class='ocrx_word' id='word_1_124' title='bbox 1121 1445 1178 1509; x_wconf 78' lang='grc' dir='ltr'>καὶ</span> <span class='ocrx_word' id='word_1_125' title='bbox 1199 1446 1237 1511; x_wconf 85' lang='grc' dir='ltr'>τὸ</span> <span class='ocrx_word' id='word_1_126' title='bbox 1253 1447 1496 1511; x_wconf 73' lang='grc' dir='ltr'><strong><em>συνεστιᾶσθαι</em></strong></span> <span class='ocrx_word' id='word_1_127' title='bbox 1518 1447 1558 1536; x_wconf 74' lang='grc' dir='ltr'>τῇ</span> <span class='ocrx_word' id='word_1_128' title='bbox 1580 1445 1679 1536; x_wconf 73' lang='grc' dir='ltr'><strong><em>βουλῇ</em></strong></span> 
     </span>
     <span class='ocr_line' id='line_1_12' title="bbox 328 1549 1678 1634; baseline -0.004 -17"><span class='ocrx_word' id='word_1_129' title='bbox 328 1551 442 1630; x_wconf 78' lang='grc' dir='ltr'><strong><em>ἔδωκε,</em></strong></span> <span class='ocrx_word' id='word_1_130' title='bbox 472 1553 550 1634; x_wconf 89' lang='lat' dir='ltr'>quod</span> <span class='ocrx_word' id='word_1_131' title='bbox 579 1551 732 1614; x_wconf 79' lang='lat' dir='ltr'>continuat</span> <span class='ocrx_word' id='word_1_132' title='bbox 760 1549 887 1611; x_wconf 79' lang='lat' dir='ltr'>Zonaras</span> <span class='ocrx_word' id='word_1_133' title='bbox 912 1551 967 1624; x_wconf 88' lang='lat'>10,</span> <span class='ocrx_word' id='word_1_134' title='bbox 995 1550 1035 1612; x_wconf 84' lang='lat'>35</span> <span class='ocrx_word' id='word_1_135' title='bbox 1062 1551 1094 1613; x_wconf 89' lang='lat' dir='ltr'>in</span> <span class='ocrx_word' id='word_1_136' title='bbox 1122 1550 1223 1614; x_wconf 84' lang='lat' dir='ltr'>Dionis</span> <span class='ocrx_word' id='word_1_137' title='bbox 1251 1551 1394 1634; x_wconf 76' lang='lat' dir='ltr'>deperditi</span> <span class='ocrx_word' id='word_1_138' title='bbox 1419 1553 1517 1615; x_wconf 90' lang='lat' dir='ltr'>locum</span> <span class='ocrx_word' id='word_1_139' title='bbox 1545 1553 1678 1615; x_wconf 88' lang='lat' dir='ltr'>subiens:</span> 
     </span>
     <span class='ocr_line' id='line_1_13' title="bbox 327 1649 1679 1739; baseline -0.002 -18"><span class='ocrx_word' id='word_1_140' title='bbox 327 1656 514 1722; x_wconf 78' lang='grc' dir='ltr'><strong><em>δωδέκατον</em></strong></span> <span class='ocrx_word' id='word_1_141' title='bbox 535 1650 710 1720; x_wconf 74' lang='grc' dir='ltr'><strong><em>ὐπατεύων</em></strong></span> <span class='ocrx_word' id='word_1_142' title='bbox 732 1654 770 1734; x_wconf 89' lang='lat' dir='ltr'>(a.</span> <span class='ocrx_word' id='word_1_143' title='bbox 788 1654 863 1733; x_wconf 83' lang='grc'>749)</span> <span class='ocrx_word' id='word_1_144' title='bbox 886 1649 905 1716; x_wconf 84' lang='grc' dir='ltr'>ὁ</span> <span class='ocrx_word' id='word_1_145' title='bbox 930 1649 1123 1732; x_wconf 75' lang='grc' dir='ltr'><strong><em>Αὔγουστος</em></strong></span> <span class='ocrx_word' id='word_1_146' title='bbox 1146 1653 1194 1728; x_wconf 76' lang='grc' dir='ltr'>εἷς</span> <span class='ocrx_word' id='word_1_147' title='bbox 1219 1655 1294 1729; x_wconf 82' lang='grc' dir='ltr'>τούς</span> <span class='ocrx_word' id='word_1_148' title='bbox 1321 1650 1466 1739; x_wconf 74' lang='grc' dir='ltr'><strong><em>ἐφήβους</em></strong></span> <span class='ocrx_word' id='word_1_149' title='bbox 1496 1654 1551 1719; x_wconf 84' lang='grc' dir='ltr'>τὸν</span> <span class='ocrx_word' id='word_1_150' title='bbox 1580 1652 1679 1718; x_wconf 79' lang='grc' dir='ltr'><strong><em>Γάιον</em></strong></span> 
     </span>
     <span class='ocr_line' id='line_1_14' title="bbox 328 1751 1679 1841; baseline -0.003 -16"><span class='ocrx_word' id='word_1_151' title='bbox 328 1759 420 1834; x_wconf 81' lang='grc' dir='ltr'><strong><em>ἔταξε</em></strong></span> <span class='ocrx_word' id='word_1_152' title='bbox 442 1759 497 1824; x_wconf 77' lang='grc' dir='ltr'>καὶ</span> <span class='ocrx_word' id='word_1_153' title='bbox 519 1754 552 1834; x_wconf 78' lang='grc' dir='ltr'>ἐς</span> <span class='ocrx_word' id='word_1_154' title='bbox 573 1758 610 1823; x_wconf 87' lang='grc' dir='ltr'>τὸ</span> <span class='ocrx_word' id='word_1_155' title='bbox 633 1754 866 1841; x_wconf 77' lang='grc' dir='ltr'><strong><em>βουλευτήριον</em></strong></span> <span class='ocrx_word' id='word_1_156' title='bbox 888 1751 957 1839; x_wconf 78' lang='grc' dir='ltr'>ἅμα</span> <span class='ocrx_word' id='word_1_157' title='bbox 980 1757 1144 1840; x_wconf 70' lang='grc' dir='ltr'><strong><em>εἰσήγαγε.</em></strong></span> <span class='ocrx_word' id='word_1_158' title='bbox 1181 1757 1254 1821; x_wconf 90' lang='lat' dir='ltr'>Nam</span> <span class='ocrx_word' id='word_1_159' title='bbox 1277 1767 1311 1822; x_wconf 90' lang='lat' dir='ltr'>ut</span> <span class='ocrx_word' id='word_1_160' title='bbox 1331 1759 1400 1822; x_wconf 88' lang='lat' dir='ltr'>alibi</span> <span class='ocrx_word' id='word_1_161' title='bbox 1421 1760 1544 1841; x_wconf 87' lang='lat' dir='ltr'>exposui</span> <span class='ocrx_word' id='word_1_162' title='bbox 1559 1759 1679 1837; x_wconf 70' lang='grc' dir='ltr'><strong><em>(δισσα-</em></strong></span> 
     </span>
     <span class='ocr_line' id='line_1_15' title="bbox 330 1861 1680 1947; baseline -0.004 -17"><span class='ocrx_word' id='word_1_163' title='bbox 330 1865 439 1930; x_wconf 73' lang='lat' dir='ltr'>recise</span> <span class='ocrx_word' id='word_1_164' title='bbox 462 1885 490 1947; x_wconf 92' lang='lat' dir='ltr'>p.</span> <span class='ocrx_word' id='word_1_165' title='bbox 506 1863 597 1942; x_wconf 77' lang='lat'>903),</span> <span class='ocrx_word' id='word_1_166' title='bbox 624 1863 671 1924; x_wconf 86' lang='lat' dir='ltr'>ius</span> <span class='ocrx_word' id='word_1_167' title='bbox 695 1861 814 1925; x_wconf 89' lang='lat' dir='ltr'>sedendi</span> <span class='ocrx_word' id='word_1_168' title='bbox 835 1861 914 1923; x_wconf 88' lang='lat' dir='ltr'>iuter</span> <span class='ocrx_word' id='word_1_169' title='bbox 940 1871 1090 1924; x_wconf 77' lang='lat' dir='ltr'><strong>senatores</strong></span> <span class='ocrx_word' id='word_1_170' title='bbox 1116 1871 1176 1924; x_wconf 87' lang='lat' dir='ltr'>tam</span> <span class='ocrx_word' id='word_1_171' title='bbox 1206 1865 1236 1925; x_wconf 87' lang='lat' dir='ltr'>in</span> <span class='ocrx_word' id='word_1_172' title='bbox 1264 1861 1345 1926; x_wconf 85' lang='lat' dir='ltr'>curia</span> <span class='ocrx_word' id='word_1_173' title='bbox 1374 1882 1462 1942; x_wconf 88' lang='lat' dir='ltr'>quam</span> <span class='ocrx_word' id='word_1_174' title='bbox 1492 1865 1570 1926; x_wconf 87' lang='lat' dir='ltr'>iuter</span> <span class='ocrx_word' id='word_1_175' title='bbox 1598 1863 1680 1925; x_wconf 92' lang='lat' dir='ltr'>ludos</span> 
     </span>
     <span class='ocr_line' id='line_1_16' title="bbox 329 1965 1682 2052; baseline -0.002 -19"><span class='ocrx_word' id='word_1_176' title='bbox 329 1980 358 2033; x_wconf 92' lang='lat' dir='ltr'>et</span> <span class='ocrx_word' id='word_1_177' title='bbox 380 1970 480 2052; x_wconf 91' lang='lat' dir='ltr'>epulas</span> <span class='ocrx_word' id='word_1_178' title='bbox 507 1966 638 2050; x_wconf 88' lang='lat' dir='ltr'>publicas</span> <span class='ocrx_word' id='word_1_179' title='bbox 668 1966 756 2029; x_wconf 77' lang='lat' dir='ltr'>etlam</span> <span class='ocrx_word' id='word_1_180' title='bbox 786 1972 966 2046; x_wconf 85' lang='lat' dir='ltr'>praetextate</span> <span class='ocrx_word' id='word_1_181' title='bbox 995 1973 1072 2027; x_wconf 84' lang='lat' dir='ltr'>recte</span> <span class='ocrx_word' id='word_1_182' title='bbox 1099 1965 1162 2028; x_wconf 93' lang='lat' dir='ltr'>dari</span> <span class='ocrx_word' id='word_1_183' title='bbox 1188 1969 1294 2048; x_wconf 87' lang='lat' dir='ltr'>potuit,</span> <span class='ocrx_word' id='word_1_184' title='bbox 1326 1986 1420 2048; x_wconf 89' lang='lat' dir='ltr'>eoque</span> <span class='ocrx_word' id='word_1_185' title='bbox 1452 1967 1544 2048; x_wconf 81' lang='lat' dir='ltr'>magis</span> <span class='ocrx_word' id='word_1_186' title='bbox 1572 1969 1682 2030; x_wconf 85' lang='lat' dir='ltr'>ducunt</span> 
     </span>
     <span class='ocr_line' id='line_1_17' title="bbox 329 2067 1681 2150; baseline -0.002 -13"><span class='ocrx_word' id='word_1_187' title='bbox 329 2075 416 2137; x_wconf 87' lang='lat' dir='ltr'>verba</span> <span class='ocrx_word' id='word_1_188' title='bbox 430 2071 540 2136; x_wconf 88' lang='lat' dir='ltr'>Dionis.</span> <span class='ocrx_word' id='word_1_189' title='bbox 586 2069 716 2150; x_wconf 83' lang='lat' dir='ltr'>Denique</span> <span class='ocrx_word' id='word_1_190' title='bbox 737 2068 811 2130; x_wconf 89' lang='lat' dir='ltr'>nihil</span> <span class='ocrx_word' id='word_1_191' title='bbox 832 2067 964 2149; x_wconf 90' lang='lat' dir='ltr'>impedit,</span> <span class='ocrx_word' id='word_1_192' title='bbox 987 2071 1147 2148; x_wconf 88' lang='lat' dir='ltr'>quominus</span> <span class='ocrx_word' id='word_1_193' title='bbox 1169 2080 1290 2133; x_wconf 87' lang='lat' dir='ltr'>senatus</span> <span class='ocrx_word' id='word_1_194' title='bbox 1310 2072 1380 2134; x_wconf 87' lang='lat' dir='ltr'>Gaio</span> <span class='ocrx_word' id='word_1_195' title='bbox 1402 2083 1432 2134; x_wconf 90' lang='lat' dir='ltr'>el</span> <span class='ocrx_word' id='word_1_196' title='bbox 1447 2072 1538 2134; x_wconf 88' lang='lat' dir='ltr'>Lucio</span> <span class='ocrx_word' id='word_1_197' title='bbox 1559 2072 1681 2134; x_wconf 85' lang='lat' dir='ltr'>alterum</span> 
     </span>
     <span class='ocr_line' id='line_1_18' title="bbox 329 2173 1682 2257; baseline -0.003 -16"><span class='ocrx_word' id='word_1_198' title='bbox 329 2181 471 2241; x_wconf 84' lang='lat' dir='ltr'>honorem</span> <span class='ocrx_word' id='word_1_199' title='bbox 486 2175 681 2257; x_wconf 73' lang='lat' dir='ltr'>praetextatis,</span> <span class='ocrx_word' id='word_1_200' title='bbox 698 2173 821 2236; x_wconf 86' lang='lat' dir='ltr'>alterum</span> <span class='ocrx_word' id='word_1_201' title='bbox 837 2183 905 2254; x_wconf 87' lang='lat' dir='ltr'>post</span> <span class='ocrx_word' id='word_1_202' title='bbox 918 2181 1068 2252; x_wconf 88' lang='lat' dir='ltr'>sumptam</span> <span class='ocrx_word' id='word_1_203' title='bbox 1084 2182 1181 2253; x_wconf 77' lang='lat' dir='ltr'>togam</span> <span class='ocrx_word' id='word_1_204' title='bbox 1196 2175 1308 2237; x_wconf 87' lang='lat' dir='ltr'>vlrilem</span> <span class='ocrx_word' id='word_1_205' title='bbox 1324 2175 1467 2238; x_wconf 85' lang='lat' dir='ltr'>tribuerit.</span> <span class='ocrx_word' id='word_1_206' title='bbox 1484 2175 1682 2238; x_wconf 88' lang='lat' dir='ltr'>—Praeterea</span> 
     </span>
     <span class='ocr_line' id='line_1_19' title="bbox 330 2274 1683 2362; baseline -0.001 -19"><span class='ocrx_word' id='word_1_207' title='bbox 330 2281 433 2343; x_wconf 89' lang='lat' dir='ltr'>titulus</span> <span class='ocrx_word' id='word_1_208' title='bbox 449 2279 479 2341; x_wconf 87' lang='lat' dir='ltr'>C.</span> <span class='ocrx_word' id='word_1_209' title='bbox 492 2279 513 2340; x_wconf 93' lang='lat' dir='ltr'>l.</span> <span class='ocrx_word' id='word_1_210' title='bbox 527 2279 583 2340; x_wconf 74' lang='grc' dir='ltr'><strong><em>Μ</em></strong></span> <span class='ocrx_word' id='word_1_211' title='bbox 599 2297 628 2359; x_wconf 84' lang='lat' dir='ltr'>p.</span> <span class='ocrx_word' id='word_1_212' title='bbox 643 2275 706 2339; x_wconf 79' lang='lat'>286</span> <span class='ocrx_word' id='word_1_213' title='bbox 722 2275 785 2351; x_wconf 86' lang='lat' dir='ltr'>(uhi</span> <span class='ocrx_word' id='word_1_214' title='bbox 806 2294 875 2338; x_wconf 90' lang='lat' dir='ltr'>eum</span> <span class='ocrx_word' id='word_1_215' title='bbox 897 2274 976 2337; x_wconf 92' lang='lat' dir='ltr'>inter</span> <span class='ocrx_word' id='word_1_216' title='bbox 997 2274 1088 2356; x_wconf 88' lang='lat' dir='ltr'>elogia</span> <span class='ocrx_word' id='word_1_217' title='bbox 1107 2279 1207 2342; x_wconf 90' lang='lat' dir='ltr'>rettuli</span> <span class='ocrx_word' id='word_1_218' title='bbox 1223 2280 1361 2361; x_wconf 90' lang='lat' dir='ltr'>deceptus</span> <span class='ocrx_word' id='word_1_219' title='bbox 1377 2279 1457 2342; x_wconf 80' lang='lat' dir='ltr'>falsis</span> <span class='ocrx_word' id='word_1_220' title='bbox 1472 2279 1683 2362; x_wconf 84' lang='lat' dir='ltr'>supplementis</span> 
     </span>
     <span class='ocr_line' id='line_1_20' title="bbox 331 2378 1124 2461; baseline -0.004 -15"><span class='ocrx_word' id='word_1_221' title='bbox 331 2383 478 2446; x_wconf 89' lang='lat' dir='ltr'>damnatis</span> <span class='ocrx_word' id='word_1_222' title='bbox 501 2381 606 2445; x_wconf 92' lang='lat' dir='ltr'>deinde</span> <span class='ocrx_word' id='word_1_223' title='bbox 627 2381 658 2442; x_wconf 92' lang='lat' dir='ltr'>in</span> <span class='ocrx_word' id='word_1_224' title='bbox 682 2379 747 2442; x_wconf 92' lang='lat' dir='ltr'>add.</span> <span class='ocrx_word' id='word_1_225' title='bbox 763 2399 791 2461; x_wconf 92' lang='lat' dir='ltr'>p.</span> <span class='ocrx_word' id='word_1_226' title='bbox 808 2381 882 2453; x_wconf 77' lang='lat'><strong>565)</strong></span> <span class='ocrx_word' id='word_1_227' title='bbox 905 2407 950 2434; x_wconf 97' lang='lat'>=</span> <span class='ocrx_word' id='word_1_228' title='bbox 971 2378 1018 2454; x_wconf 84' lang='lat' dir='ltr'>vl,</span> <span class='ocrx_word' id='word_1_229' title='bbox 1042 2379 1124 2443; x_wconf 82' lang='lat'>895:</span> 
     </span>
    </p>
   </div>
   <div class='ocr_carea' id='block_1_3' title="bbox 533 2517 1411 3001">
    <p class='ocr_par' dir='ltr' id='par_1_3' title="bbox 977 2517 1406 2572">
     <span class='ocr_line' id='line_1_21' title="bbox 977 2517 1406 2572; baseline 0.009 -4"><span class='ocrx_word' id='word_1_230' title='bbox 977 2517 1089 2570; x_wconf 72' lang='lat' dir='ltr'>decrescit</span> <span class='ocrx_word' id='word_1_231' title='bbox 1106 2525 1209 2572; x_wconf 77' lang='lat' dir='ltr'>senatus</span> <span class='ocrx_word' id='word_1_232' title='bbox 1226 2525 1254 2572; x_wconf 79' lang='lat' dir='ltr'>ul</span> <span class='ocrx_word' id='word_1_233' title='bbox 1273 2519 1406 2572; x_wconf 74' lang='lat' dir='ltr'>deterescet</span> 
     </span>
    </p>

    <p class='ocr_par' dir='ltr' id='par_1_4' title="bbox 533 2605 1411 2830">
     <span class='ocr_line' id='line_1_22' title="bbox 617 2605 1411 2670; baseline 0.001 -14"><span class='ocrx_word' id='word_1_234' title='bbox 617 2612 762 2656; x_wconf 81' lang='lat' dir='ltr'>CONlells</span> <span class='ocrx_word' id='word_1_235' title='bbox 774 2625 782 2643; x_wconf 90' lang='lat'><strong>·</strong></span> <span class='ocrx_word' id='word_1_236' title='bbox 795 2613 924 2657; x_wconf 78' lang='lat' dir='ltr'>Pvellcls</span> <span class='ocrx_word' id='word_1_237' title='bbox 936 2627 943 2642; x_wconf 92' lang='lat'><strong>·</strong></span> <span class='ocrx_word' id='word_1_238' title='bbox 956 2606 1096 2670; x_wconf 74' lang='lat' dir='ltr'>torretque</span> <span class='ocrx_word' id='word_1_239' title='bbox 1113 2605 1179 2656; x_wconf 77' lang='lat' dir='ltr'>iuter</span> <span class='ocrx_word' id='word_1_240' title='bbox 1196 2610 1337 2670; x_wconf 73' lang='lat' dir='ltr'>senatores,</span> <span class='ocrx_word' id='word_1_241' title='bbox 1353 2622 1411 2657; x_wconf 86' lang='lat' dir='ltr'>eum</span> 
     </span>
     <span class='ocr_line' id='line_1_23' title="bbox 617 2693 1308 2754; baseline 0.003 -14"><span class='ocrx_word' id='word_1_242' title='bbox 617 2699 728 2741; x_wconf 84' lang='grc' dir='ltr'><strong>ΑΝΝνΜ</strong></span> <span class='ocrx_word' id='word_1_243' title='bbox 766 2713 774 2729; x_wconf 86' lang='grc'><em>·</em></span> <span class='ocrx_word' id='word_1_244' title='bbox 811 2700 997 2743; x_wconf 73' lang='lat' dir='ltr'>EXPIETVRVS</span> <span class='ocrx_word' id='word_1_245' title='bbox 1047 2693 1106 2740; x_wconf 84' lang='lat' dir='ltr'>eret</span> <span class='ocrx_word' id='word_1_246' title='bbox 1156 2693 1218 2742; x_wconf 66' lang='lat' dir='ltr'>aisn</span> <span class='ocrx_word' id='word_1_247' title='bbox 1236 2695 1308 2754; x_wconf 69' lang='lat' dir='ltr'>(cul)</span> 
     </span>
     <span class='ocr_line' id='line_1_24' title="bbox 533 2775 1304 2830; baseline -0.003 0"><span class='ocrx_word' id='word_1_248' title='bbox 533 2785 660 2830; x_wconf 77' lang='lat' dir='ltr'>molarem</span> <span class='ocrx_word' id='word_1_249' title='bbox 677 2799 684 2814; x_wconf 91' lang='lat'><strong>·</strong></span> <span class='ocrx_word' id='word_1_250' title='bbox 701 2785 765 2828; x_wconf 74' lang='grc' dir='ltr'>τινε</span> <span class='ocrx_word' id='word_1_251' title='bbox 780 2799 787 2815; x_wconf 88' lang='grc'><em>·</em></span> <span class='ocrx_word' id='word_1_252' title='bbox 804 2786 933 2830; x_wconf 87' lang='lat' dir='ltr'>rvsrrrro</span> <span class='ocrx_word' id='word_1_253' title='bbox 945 2799 954 2816; x_wconf 92' lang='lat'><strong>·</strong></span> <span class='ocrx_word' id='word_1_254' title='bbox 967 2786 1020 2828; x_wconf 81' lang='lat' dir='ltr'>rea</span> <span class='ocrx_word' id='word_1_255' title='bbox 1036 2798 1044 2815; x_wconf 91' lang='lat'><strong>·</strong></span> <span class='ocrx_word' id='word_1_256' title='bbox 1061 2775 1193 2828; x_wconf 71' lang='lat' dir='ltr'>corrodas</span> <span class='ocrx_word' id='word_1_257' title='bbox 1210 2775 1304 2828; x_wconf 69' lang='lat' dir='ltr'>induto</span> 
     </span>
    </p>

    <p class='ocr_par' dir='ltr' id='par_1_5' title="bbox 618 2849 1409 2921">
     <span class='ocr_line' id='line_1_25' title="bbox 618 2849 1409 2921; baseline -0.001 -5"><span class='ocrx_word' id='word_1_258' title='bbox 618 2871 914 2916; x_wconf 79' lang='lat' dir='ltr'>omues·nvxmvnr</span> <span class='ocrx_word' id='word_1_259' title='bbox 936 2849 946 2921; x_wconf 85' lang='lat' dir='ltr'>l</span> <span class='ocrx_word' id='word_1_260' title='bbox 966 2871 1108 2915; x_wconf 78' lang='lat' dir='ltr'>cemsvroe</span> <span class='ocrx_word' id='word_1_261' title='bbox 1149 2897 1409 2915; x_wconf 92' lang='grc'><strong>.........</strong></span> 
     </span>
    </p>

    <p class='ocr_par' dir='ltr' id='par_1_6' title="bbox 618 2957 1408 3001">
     <span class='ocr_line' id='line_1_26' title="bbox 618 2957 1408 3001; baseline 0.003 -3"><span class='ocrx_word' id='word_1_262' title='bbox 618 2957 787 3000; x_wconf 76' lang='lat' dir='ltr'>INSIGNIBVS</span> <span class='ocrx_word' id='word_1_263' title='bbox 800 2971 807 2986; x_wconf 90' lang='lat'><strong>·</strong></span> <span class='ocrx_word' id='word_1_264' title='bbox 820 2957 984 3001; x_wconf 74' lang='lat' dir='ltr'>Decorum</span> <span class='ocrx_word' id='word_1_265' title='bbox 995 2972 1003 2987; x_wconf 75' lang='lat'><strong>⁴</strong></span> <span class='ocrx_word' id='word_1_266' title='bbox 1016 2958 1056 3001; x_wconf 85' lang='lat' dir='ltr'>CV</span> <span class='ocrx_word' id='word_1_267' title='bbox 1087 2985 1094 2998; x_wconf 90' lang='lat'><strong>.</strong></span> <span class='ocrx_word' id='word_1_268' title='bbox 1118 2983 1408 3000; x_wconf 82' lang='lat'><strong>..........</strong></span> 
     </span>
    </p>
   </div>
   <div class='ocr_carea' id='block_1_4' title="bbox 334 3084 1690 3481">
    <p class='ocr_par' dir='ltr' id='par_1_7' title="bbox 334 3084 1690 3481">
     <span class='ocr_line' id='line_1_27' title="bbox 334 3084 1689 3174; baseline -0.004 -20"><span class='ocrx_word' id='word_1_269' title='bbox 334 3111 402 3174; x_wconf 92' lang='lat' dir='ltr'>pars</span> <span class='ocrx_word' id='word_1_270' title='bbox 425 3090 626 3152; x_wconf 88' lang='lat' dir='ltr'>videturesse</span> <span class='ocrx_word' id='word_1_271' title='bbox 649 3086 732 3166; x_wconf 84' lang='lat' dir='ltr'>elogii</span> <span class='ocrx_word' id='word_1_272' title='bbox 755 3085 924 3167; x_wconf 88' lang='lat' dir='ltr'>sepulcralis</span> <span class='ocrx_word' id='word_1_273' title='bbox 947 3084 1029 3148; x_wconf 89' lang='lat' dir='ltr'>Lucii</span> <span class='ocrx_word' id='word_1_274' title='bbox 1051 3084 1104 3147; x_wconf 88' lang='lat' dir='ltr'>lrlii</span> <span class='ocrx_word' id='word_1_275' title='bbox 1126 3084 1266 3164; x_wconf 74' lang='lat' dir='ltr'>Augusti3</span> <span class='ocrx_word' id='word_1_276' title='bbox 1289 3104 1357 3148; x_wconf 90' lang='lat' dir='ltr'>nam</span> <span class='ocrx_word' id='word_1_277' title='bbox 1382 3087 1433 3149; x_wconf 87' lang='lat' dir='ltr'>Gai</span> <span class='ocrx_word' id='word_1_278' title='bbox 1456 3088 1481 3150; x_wconf 92' lang='lat' dir='ltr'>si</span> <span class='ocrx_word' id='word_1_279' title='bbox 1502 3097 1591 3162; x_wconf 88' lang='lat' dir='ltr'>esset,</span> <span class='ocrx_word' id='word_1_280' title='bbox 1613 3088 1689 3151; x_wconf 85' lang='lat' dir='ltr'>inter</span> 
     </span>
     <span class='ocr_line' id='line_1_28' title="bbox 335 3188 1689 3270; baseline -0.005 -11"><span class='ocrx_word' id='word_1_281' title='bbox 335 3197 485 3260; x_wconf 86' lang='lat' dir='ltr'>decretum</span> <span class='ocrx_word' id='word_1_282' title='bbox 501 3194 536 3254; x_wconf 91' lang='lat' dir='ltr'>de</span> <span class='ocrx_word' id='word_1_283' title='bbox 551 3192 664 3254; x_wconf 88' lang='lat' dir='ltr'>honore</span> <span class='ocrx_word' id='word_1_284' title='bbox 676 3190 821 3253; x_wconf 90' lang='lat' dir='ltr'>senatorio</span> <span class='ocrx_word' id='word_1_285' title='bbox 834 3199 1019 3269; x_wconf 89' lang='lat' dir='ltr'>mortemque</span> <span class='ocrx_word' id='word_1_286' title='bbox 1034 3188 1265 3270; x_wconf 90' lang='lat' dir='ltr'>interponendus</span> <span class='ocrx_word' id='word_1_287' title='bbox 1281 3189 1338 3252; x_wconf 89' lang='lat' dir='ltr'>luit</span> <span class='ocrx_word' id='word_1_288' title='bbox 1352 3191 1521 3254; x_wconf 89' lang='lat' dir='ltr'>consulatus</span> <span class='ocrx_word' id='word_1_289' title='bbox 1537 3201 1567 3253; x_wconf 88' lang='lat' dir='ltr'>et</span> <span class='ocrx_word' id='word_1_290' title='bbox 1581 3207 1689 3253; x_wconf 90' lang='lat' dir='ltr'>nomen</span> 
     </span>
     <span class='ocr_line' id='line_1_29' title="bbox 335 3292 1690 3380; baseline -0.004 -18"><span class='ocrx_word' id='word_1_291' title='bbox 335 3297 521 3380; x_wconf 90' lang='lat' dir='ltr'>imperatoris</span> <span class='ocrx_word' id='word_1_292' title='bbox 547 3297 700 3376; x_wconf 88' lang='lat' dir='ltr'>adeptum,</span> <span class='ocrx_word' id='word_1_293' title='bbox 733 3313 828 3374; x_wconf 85' lang='lat' dir='ltr'>neque</span> <span class='ocrx_word' id='word_1_294' title='bbox 857 3293 947 3356; x_wconf 88' lang='lat' dir='ltr'>alium</span> <span class='ocrx_word' id='word_1_295' title='bbox 978 3294 1072 3354; x_wconf 87' lang='lat' dir='ltr'>ullum</span> <span class='ocrx_word' id='word_1_296' title='bbox 1099 3292 1236 3355; x_wconf 86' lang='lat' dir='ltr'>norimus</span> <span class='ocrx_word' id='word_1_297' title='bbox 1263 3293 1369 3356; x_wconf 91' lang='lat' dir='ltr'>domus</span> <span class='ocrx_word' id='word_1_298' title='bbox 1397 3295 1615 3377; x_wconf 82' lang='lat' dir='ltr'>imperatoriae,</span> <span class='ocrx_word' id='word_1_299' title='bbox 1643 3294 1690 3357; x_wconf 89' lang='lat' dir='ltr'>eui</span> 
     </span>
     <span class='ocr_line' id='line_1_30' title="bbox 335 3395 1690 3481; baseline -0.005 -15"><span class='ocrx_word' id='word_1_300' title='bbox 335 3401 484 3466; x_wconf 89' lang='lat' dir='ltr'>eiusmodi</span> <span class='ocrx_word' id='word_1_301' title='bbox 506 3401 632 3481; x_wconf 84' lang='lat' dir='ltr'>elogium</span> <span class='ocrx_word' id='word_1_302' title='bbox 654 3407 733 3462; x_wconf 89' lang='lat' dir='ltr'>reete</span> <span class='ocrx_word' id='word_1_303' title='bbox 755 3397 903 3462; x_wconf 85' lang='lat' dir='ltr'>adscribas</span> <span class='ocrx_word' id='word_1_304' title='bbox 925 3405 1041 3477; x_wconf 87' lang='lat' dir='ltr'>praeter</span> <span class='ocrx_word' id='word_1_305' title='bbox 1065 3395 1231 3470; x_wconf 79' lang='lat' dir='ltr'>hueinm²).</span> <span class='ocrx_word' id='word_1_306' title='bbox 1269 3397 1424 3461; x_wconf 84' lang='lat' dir='ltr'>Decretum</span> <span class='ocrx_word' id='word_1_307' title='bbox 1441 3398 1569 3462; x_wconf 85' lang='lat' dir='ltr'>idonius</span> <span class='ocrx_word' id='word_1_308' title='bbox 1585 3397 1690 3460; x_wconf 92' lang='lat' dir='ltr'>memi-</span> 
     </span>
    </p>
   </div>
   <div class='ocr_carea' id='block_1_5' title="bbox 338 3568 1692 3732">
    <p class='ocr_par' dir='ltr' id='par_1_8' title="bbox 338 3568 1692 3732">
     <span class='ocr_line' id='line_1_31' title="bbox 435 3568 1692 3644; baseline -0.006 -15"><span class='ocrx_word' id='word_1_309' title='bbox 435 3578 456 3642; x_wconf 76' lang='grc' dir='ltr'>ι)</span> <span class='ocrx_word' id='word_1_310' title='bbox 479 3575 551 3628; x_wconf 75' lang='lat' dir='ltr'>Addo</span> <span class='ocrx_word' id='word_1_311' title='bbox 574 3573 669 3626; x_wconf 86' lang='lat' dir='ltr'>slmilie</span> <span class='ocrx_word' id='word_1_312' title='bbox 692 3573 771 3638; x_wconf 79' lang='lat' dir='ltr'>elogii</span> <span class='ocrx_word' id='word_1_313' title='bbox 793 3571 843 3622; x_wconf 90' lang='lat' dir='ltr'>dno</span> <span class='ocrx_word' id='word_1_314' title='bbox 866 3568 1009 3634; x_wconf 75' lang='lat' dir='ltr'>fragmenta</span> <span class='ocrx_word' id='word_1_315' title='bbox 1026 3568 1120 3621; x_wconf 79' lang='lat' dir='ltr'>Romae</span> <span class='ocrx_word' id='word_1_316' title='bbox 1138 3586 1170 3623; x_wconf 81' lang='lat' dir='ltr'>ex</span> <span class='ocrx_word' id='word_1_317' title='bbox 1192 3571 1256 3638; x_wconf 89' lang='lat' dir='ltr'>ipsis</span> <span class='ocrx_word' id='word_1_318' title='bbox 1278 3573 1403 3644; x_wconf 82' lang='lat' dir='ltr'>mausolei</span> <span class='ocrx_word' id='word_1_319' title='bbox 1421 3571 1531 3639; x_wconf 70' lang='lat' dir='ltr'>Augusti</span> <span class='ocrx_word' id='word_1_320' title='bbox 1549 3571 1692 3640; x_wconf 78' lang='lat' dir='ltr'>perietibus</span> 
     </span>
     <span class='ocr_line' id='line_1_32' title="bbox 338 3656 997 3732; baseline -0.018 -14"><span class='ocrx_word' id='word_1_321' title='bbox 338 3666 399 3718; x_wconf 82' lang='lat' dir='ltr'>olim</span> <span class='ocrx_word' id='word_1_322' title='bbox 417 3665 545 3732; x_wconf 82' lang='lat' dir='ltr'>descripte</span> <span class='ocrx_word' id='word_1_323' title='bbox 563 3663 590 3714; x_wconf 86' lang='lat' dir='ltr'>C.</span> <span class='ocrx_word' id='word_1_324' title='bbox 604 3659 647 3728; x_wconf 87' lang='lat' dir='ltr'>vl,</span> <span class='ocrx_word' id='word_1_325' title='bbox 665 3661 714 3712; x_wconf 78' lang='grc'>894</span> <span class='ocrx_word' id='word_1_326' title='bbox 732 3657 798 3724; x_wconf 86' lang='lat' dir='ltr'>(curn</span> <span class='ocrx_word' id='word_1_327' title='bbox 816 3656 900 3725; x_wconf 84' lang='lat' dir='ltr'>eddp</span> <span class='ocrx_word' id='word_1_328' title='bbox 922 3656 997 3719; x_wconf 64' lang='lat' dir='ltr'>slep</span> 
     </span>
    </p>
   </div>
   <div class='ocr_carea' id='block_1_6' title="bbox 639 3769 1226 4140">
    <p class='ocr_par' dir='ltr' id='par_1_9' title="bbox 639 3769 1226 4018">
     <span class='ocr_line' id='line_1_33' title="bbox 639 3769 1226 3856; baseline -0.007 -12"><span class='ocrx_word' id='word_1_329' title='bbox 639 3785 654 3844; x_wconf 92' lang='lat'>1</span> <span class='ocrx_word' id='word_1_330' title='bbox 725 3769 1060 3856; x_wconf 55' lang='lat' dir='ltr'>entsplfaldmeme</span> <span class='ocrx_word' id='word_1_331' title='bbox 1074 3803 1121 3854; x_wconf 75' lang='lat' dir='ltr'>ges</span> <span class='ocrx_word' id='word_1_332' title='bbox 1140 3786 1226 3840; x_wconf 79' lang='lat' dir='ltr'>liceret</span> 
     </span>
     <span class='ocr_line' id='line_1_34' title="bbox 721 3869 1189 3957; baseline -0.013 -28"><span class='ocrx_word' id='word_1_333' title='bbox 721 3873 860 3957; x_wconf 46' lang='grc' dir='ltr'><strong><em>οοατιίίἰρ</em></strong></span> <span class='ocrx_word' id='word_1_334' title='bbox 872 3869 1189 3929; x_wconf 60' lang='lat' dir='ltr'>walch-indecens</span> 
     </span>
     <span class='ocr_line' id='line_1_35' title="bbox 775 3953 1098 4018; baseline 0 -6"><span class='ocrx_word' id='word_1_335' title='bbox 775 3959 874 4018; x_wconf 72' lang='lat' dir='ltr'>eroso</span> <span class='ocrx_word' id='word_1_336' title='bbox 886 3953 1010 4014; x_wconf 79' lang='lat' dir='ltr'>¹ealrrme</span> <span class='ocrx_word' id='word_1_337' title='bbox 1019 3982 1027 4002; x_wconf 92' lang='lat'><strong>·</strong></span> <span class='ocrx_word' id='word_1_338' title='bbox 1035 3970 1071 4014; x_wconf 77' lang='grc' dir='ltr'>εν</span> <span class='ocrx_word' id='word_1_339' title='bbox 1083 3971 1098 4006; x_wconf 89' lang='grc' dir='ltr'><strong><em>ο</em></strong></span> 
     </span>
    </p>

    <p class='ocr_par' dir='ltr' id='par_1_10' title="bbox 742 3989 1119 4140">
     <span class='ocr_line' id='line_1_36' title="bbox 742 3989 1119 4140; baseline -0.005 -44"><span class='ocrx_word' id='word_1_340' title='bbox 742 3989 1053 4140; x_wconf 53' lang='lat' dir='ltr'>smatuQcaivm·</span> <span class='ocrx_word' id='word_1_341' title='bbox 1087 4046 1119 4124; x_wconf 41' lang='lat' dir='ltr'>se·</span> 
     </span>
    </p>
   </div>
   <div class='ocr_carea' id='block_1_7' title="bbox 935 4125 1085 4143">
    <p class='ocr_par' dir='ltr' id='par_1_11' title="bbox 935 4125 1085 4143">
     <span class='ocr_line' id='line_1_37' title="bbox 935 4125 1085 4143; baseline 0.007 -1"><span class='ocrx_word' id='word_1_342' title='bbox 935 4125 1085 4143; x_wconf 50' lang='lat' dir='ltr'>..d-,u</span> 
     </span>
    </p>
   </div>
   <div class='ocr_carea' id='block_1_8' title="bbox 372 4231 1389 4654">
    <p class='ocr_par' dir='ltr' id='par_1_12' title="bbox 372 4229 1389 4654">
     <span class='ocr_line' id='line_1_38' title="bbox 372 4231 1389 4327; baseline -0.012 -23"><span class='ocrx_word' id='word_1_343' title='bbox 372 4242 392 4304; x_wconf 85' lang='lat'><strong>2</strong></span> <span class='ocrx_word' id='word_1_344' title='bbox 423 4247 551 4300; x_wconf 75' lang='lat' dir='ltr'>dolmetm</span> <span class='ocrx_word' id='word_1_345' title='bbox 567 4245 657 4299; x_wconf 63' lang='lat' dir='ltr'>detrics&#39;t</span> <span class='ocrx_word' id='word_1_346' title='bbox 672 4245 781 4314; x_wconf 81' lang='lat' dir='ltr'>reliquos</span> <span class='ocrx_word' id='word_1_347' title='bbox 797 4255 924 4327; x_wconf 33' lang='lat' dir='ltr'>spolivm</span> <span class='ocrx_word' id='word_1_348' title='bbox 935 4268 944 4286; x_wconf 92' lang='lat'><strong>·</strong></span> <span class='ocrx_word' id='word_1_349' title='bbox 957 4255 993 4296; x_wconf 85' lang='grc' dir='ltr'>ιΝ</span> <span class='ocrx_word' id='word_1_350' title='bbox 1008 4267 1016 4286; x_wconf 91' lang='lat'><strong>·</strong></span> <span class='ocrx_word' id='word_1_351' title='bbox 1029 4231 1279 4296; x_wconf 77' lang='grc' dir='ltr'>ῠὲυῑτιὸΝΕνα</span> <span class='ocrx_word' id='word_1_352' title='bbox 1295 4245 1389 4311; x_wconf 78' lang='lat' dir='ltr'>occepit</span> 
     </span>
     <span class='ocr_line' id='line_1_39' title="bbox 695 4328 1306 4399; baseline -0.008 -15"><span class='ocrx_word' id='word_1_353' title='bbox 695 4347 752 4384; x_wconf 81' lang='lat' dir='ltr'>cum</span> <span class='ocrx_word' id='word_1_354' title='bbox 770 4333 1008 4399; x_wconf 75' lang='lat' dir='ltr'>qt&#39;tiNQVENNIVM</span> <span class='ocrx_word' id='word_1_355' title='bbox 1035 4351 1043 4370; x_wconf 92' lang='lat'><strong>·</strong></span> <span class='ocrx_word' id='word_1_356' title='bbox 1071 4337 1213 4382; x_wconf 76' lang='lat' dir='ltr'>{urentes</span> <span class='ocrx_word' id='word_1_357' title='bbox 1229 4328 1306 4379; x_wconf 71' lang='lat' dir='ltr'>aieret</span> 
     </span>
     <span class='ocr_line' id='line_1_40' title="bbox 850 4401 1288 4483; baseline 0 -16"><span class='ocrx_word' id='word_1_358' title='bbox 850 4427 962 4483; x_wconf 85' lang='lat' dir='ltr'>rs·er</span> <span class='ocrx_word' id='word_1_359' title='bbox 979 4439 985 4454; x_wconf 91' lang='lat'><strong>·</strong></span> <span class='ocrx_word' id='word_1_360' title='bbox 1002 4401 1061 4469; x_wconf 77' lang='lat' dir='ltr'>reb</span> <span class='ocrx_word' id='word_1_361' title='bbox 1079 4437 1086 4454; x_wconf 92' lang='lat'><strong>·</strong></span> <span class='ocrx_word' id='word_1_362' title='bbox 1104 4424 1240 4468; x_wconf 75' lang='lat' dir='ltr'>consuta</span> <span class='ocrx_word' id='word_1_363' title='bbox 1262 4427 1288 4470; x_wconf 59' lang='grc' dir='ltr'>ει</span> 
     </span>
     <span class='ocr_line' id='line_1_41' title="bbox 632 4467 1366 4610; baseline -0.004 -52"><span class='ocrx_word' id='word_1_364' title='bbox 632 4521 668 4558; x_wconf 77' lang='grc' dir='ltr'>τα</span> <span class='ocrx_word' id='word_1_365' title='bbox 683 4507 787 4556; x_wconf 61' lang='grc' dir='ltr'><strong><em>τοιαῦτα</em></strong></span> <span class='ocrx_word' id='word_1_366' title='bbox 804 4517 879 4557; x_wconf 73' lang='lat' dir='ltr'>consi</span> <span class='ocrx_word' id='word_1_367' title='bbox 891 4495 961 4557; x_wconf 74' lang='lat' dir='ltr'>arrd</span> <span class='ocrx_word' id='word_1_368' title='bbox 973 4524 981 4542; x_wconf 94' lang='lat'><strong>·</strong></span> <span class='ocrx_word' id='word_1_369' title='bbox 994 4491 1078 4554; x_wconf 76' lang='lat' dir='ltr'>vdra</span> <span class='ocrx_word' id='word_1_370' title='bbox 1094 4523 1102 4540; x_wconf 92' lang='lat'><strong>·</strong></span> <span class='ocrx_word' id='word_1_371' title='bbox 1118 4511 1171 4552; x_wconf 82' lang='lat' dir='ltr'>rsa</span> <span class='ocrx_word' id='word_1_372' title='bbox 1183 4521 1191 4539; x_wconf 92' lang='lat'><strong>·</strong></span> <span class='ocrx_word' id='word_1_373' title='bbox 1204 4467 1366 4610; x_wconf 36' lang='lat' dir='ltr'>cossium</span> 
     </span>
     <span class='ocr_line' id='line_1_42' title="bbox 898 4575 1388 4654; baseline -0.02 -10"><span class='ocrx_word' id='word_1_374' title='bbox 898 4597 1008 4654; x_wconf 71' lang='lat' dir='ltr'>raeque</span> <span class='ocrx_word' id='word_1_375' title='bbox 1030 4607 1037 4623; x_wconf 93' lang='lat'><strong>·</strong></span> <span class='ocrx_word' id='word_1_376' title='bbox 1065 4575 1238 4647; x_wconf 81' lang='lat' dir='ltr'>nvxeavurl</span> <span class='ocrx_word' id='word_1_377' title='bbox 1257 4612 1264 4627; x_wconf 91' lang='lat'><strong>·</strong></span> <span class='ocrx_word' id='word_1_378' title='bbox 1281 4598 1388 4642; x_wconf 79' lang='lat' dir='ltr'>nomer</span> 
     </span>
    </p>
   </div>
   <div class='ocr_carea' id='block_1_9' title="bbox 540 4591 1416 4858">
    <p class='ocr_par' dir='ltr' id='par_1_13' title="bbox 540 4591 1416 4858">
     <span class='ocr_line' id='line_1_43' title="bbox 540 4591 889 4661; baseline 0.011 -21"><span class='ocrx_word' id='word_1_379' title='bbox 540 4591 556 4640; x_wconf 81' lang='lat'><strong>5</strong></span> <span class='ocrx_word' id='word_1_380' title='bbox 736 4593 792 4644; x_wconf 78' lang='grc' dir='ltr'>υίνί</span> <span class='ocrx_word' id='word_1_381' title='bbox 800 4594 889 4661; x_wconf 78' lang='lat' dir='ltr'>samir</span> 
     </span>
     <span class='ocr_line' id='line_1_44' title="bbox 932 4611 1416 4766; baseline 0 -38"><span class='ocrx_word' id='word_1_382' title='bbox 932 4682 1053 4728; x_wconf 72' lang='lat' dir='ltr'>relieve</span> <span class='ocrx_word' id='word_1_383' title='bbox 1079 4697 1087 4714; x_wconf 93' lang='lat'><strong>·</strong></span> <span class='ocrx_word' id='word_1_384' title='bbox 1114 4665 1233 4726; x_wconf 80' lang='lat' dir='ltr'>rursarl</span> <span class='ocrx_word' id='word_1_385' title='bbox 1261 4611 1416 4766; x_wconf 41' lang='lat' dir='ltr'>wore&amp;</span> 
     </span>
     <span class='ocr_line' id='line_1_45' title="bbox 945 4747 1368 4824; baseline -0.012 -8"><span class='ocrx_word' id='word_1_386' title='bbox 945 4753 1049 4816; x_wconf 71' lang='lat' dir='ltr'>srslvs</span> <span class='ocrx_word' id='word_1_387' title='bbox 1076 4783 1084 4800; x_wconf 94' lang='lat'><strong>·</strong></span> <span class='ocrx_word' id='word_1_388' title='bbox 1111 4769 1147 4813; x_wconf 80' lang='lat' dir='ltr'>er</span> <span class='ocrx_word' id='word_1_389' title='bbox 1173 4782 1180 4796; x_wconf 95' lang='lat'><strong>·</strong></span> <span class='ocrx_word' id='word_1_390' title='bbox 1207 4747 1368 4824; x_wconf 62' lang='lat' dir='ltr'>stunb(</span> 
     </span>
     <span class='ocr_line' id='line_1_46' title="bbox 1041 4825 1353 4858; baseline 0.01 -12"><span class='ocrx_word' id='word_1_391' title='bbox 1041 4835 1336 4858; x_wconf 43' lang='grc' dir='ltr'>-ι----ι--ι---“κ</span> <span class='ocrx_word' id='word_1_392' title='bbox 1342 4825 1353 4854; x_wconf 72' lang='lat' dir='ltr'><em>l</em></span> 
     </span>
    </p>
   </div>
   <div class='ocr_carea' id='block_1_10' title="bbox 0 0 1888 5428">
    <p class='ocr_par' dir='ltr' id='par_1_14' title="bbox 0 0 1888 5428">
     <span class='ocr_line' id='line_1_47' title="bbox 0 0 1888 5428; baseline 0 0"><span class='ocrx_word' id='word_1_393' title='bbox 0 0 1888 5428; x_wconf 95' lang='lat' dir='ltr'> </span> 
     </span>
    </p>
   </div>
  </div>
 </body>
</html>
