3656 5444
321 395 363 458 64
903 389 956 458 111,
975 391 1081 446 es-as

320 573 456 651 adempto
478 570 606 652 pretium
628 569 676 630 rix
697 570 817 644 iustum,
841 570 956 650 aliquod
972 580 1070 633 tamen
1086 571 1233 634 veteribus
1248 573 1467 651 possessoribus
1482 576 1675 653 persolveret

319 674 492 736 Pervenisse
513 673 661 754 impensas
684 671 718 734 ad
742 673 856 735 sexiens
872 674 987 736 miliens
1003 675 1064 755 ipse
1081 675 1199 752 scribit;
1222 694 1289 738 cave
1309 685 1407 738 autem
1423 678 1527 740 collato
1543 679 1676 743 militum

320 788 535 851 veteranorum,
557 776 609 857 qui
632 775 809 857 triumphale
830 777 1010 857 congiarium
1034 790 1218 860 accepemnt,
1241 799 1365 843 numero
1388 801 1443 842 oxu
1466 783 1579 844 milium
1604 783 1677 844 inde

320 883 428 945 efficias
450 881 540 943 veteri
561 880 723 962 possessori
745 899 798 962 pro
821 881 943 962 singulis
965 883 1211 962 possessionibus,
1233 905 1308 966 quae
1328 887 1529 950 adimerentur
1543 897 1573 950 et
1587 888 1677 950 militi

319 984 551 1064 adsignarentur,
574 985 721 1066 persoluta
744 1003 809 1054 esse
830 985 921 1065 quina
943 986 1023 1048 milia
1037 988 1216 1052 sestertium.
1246 989 1319 1052 Nam
1343 1011 1397 1052 cxx
1412 991 1491 1054 milia
1507 991 1675 1066 hominurn,
1715 1047 1718 1052 .

319 1089 428 1169 quibus
449 1090 480 1151 in
496 1109 550 1151 suo
566 1089 671 1170 cuique
686 1088 793 1170 oppido
808 1091 1019 1153 numerabatur
1034 1112 1058 1153 a.
1077 1093 1137 1154 725
1154 1093 1330 1174 triumphale
1350 1095 1540 1175 congiarium,
1564 1096 1676 1158 milites

320 1202 390 1255 sunt
405 1193 523 1256 victoris
545 1193 690 1255 exercitos
713 1211 815 1254 omnes
838 1204 953 1274 pmeter
966 1197 1136 1277 peregrinos
1151 1216 1260 1277 eosque
1275 1199 1325 1278 qui
1340 1199 1494 1262 etiamtum
1511 1200 1566 1262 sub
1581 1200 1675 1279 signis

320 1297 479 1360 merebant.
518 1297 571 1360 llic
592 1316 661 1359 vero
682 1297 750 1360 inde
773 1298 934 1362 deducendi
957 1311 1026 1364 sunt
1049 1300 1156 1362 milites
1173 1321 1333 1381 paucorum
1351 1303 1574 1384 stipendiorum,
1596 1323 1675 1384 quos

231 1464 233 1469 ,
319 1401 371 1463 Dio
402 1401 503 1464 scribit
530 1421 589 1464 non
612 1421 714 1482 agrum
737 1403 898 1483 accepisse,
921 1404 971 1466 sed
994 1404 1163 1484 pecuniam
1190 1415 1338 1486 praeterea
1361 1407 1436 1486 parti
1458 1426 1674 1488 possessorum,

320 1505 431 1568 seilicet
459 1505 496 1566 iis
524 1506 575 1586 qni
605 1505 729 1585 graviter
754 1505 951 1580 ollenderant,
980 1507 1043 1570 sine
1067 1507 1155 1570 dubio
1177 1507 1304 1588 pretium
1328 1511 1443 1573 nullum
1466 1512 1595 1573 solutum
1617 1520 1674 1581 est,

320 1611 396 1690 parti
418 1629 472 1691 pro
495 1610 571 1691 agris
592 1609 700 1673 Italicis
722 1608 828 1672 redditi
850 1611 1050 1691 provinciales,
1073 1621 1107 1674 ut
1129 1631 1245 1675 summa
1267 1612 1415 1694 aliquanto
1438 1613 1531 1675 maior
1553 1613 1588 1675 ad
1603 1632 1675 1693 pos-

321 1733 451 1782 sessores
473 1724 604 1776 extorres
627 1713 794 1795 pervenisse
816 1713 957 1779 videatur.
995 1717 1135 1797 Spectant
1155 1725 1254 1778 autem
1277 1717 1399 1778 omnino
1421 1717 1457 1779 ad
1479 1717 1555 1778 bano
1570 1735 1675 1778 neces-

320 1819 424 1881 sariam
449 1819 532 1898 quasi
554 1817 639 1899 pretii
662 1816 838 1880 solutionem
861 1838 936 1899 qnae
951 1819 1004 1883 llio
1025 1819 1139 1882 rettulit
1154 1820 1189 1882 de
1204 1819 1343 1899 pecuniae
1358 1839 1412 1901 pro
1427 1820 1504 1901 agris
1518 1839 1534 1881 a
1550 1821 1672 1882 Caesare

320 1921 571 2002 pemumerandae
593 1939 710 1984 summa
732 1929 762 1982 et
784 1923 956 1984 necessitate
979 1934 1008 1987 et
1030 1923 1209 1986 difficultate.

420 2024 630 2088 Deductionem
660 2033 866 2086 ueteranorum
896 2027 1080 2090 Actiacorum
1110 2048 1135 2089 a.
1153 2027 1215 2088 724
1241 2027 1282 2090 ita
1309 2029 1414 2090 laetam
1438 2047 1516 2102 esse,
1544 2035 1577 2089 ut
1599 2045 1673 2107 quae

321 2128 429 2210 oppida
451 2129 487 2190 iis
511 2128 709 2202 tradebantur,
731 2127 809 2189 inter
830 2130 957 2192 colonias
973 2131 1060 2194 iulias
1082 2131 1292 2213 redigerentur,
1315 2140 1346 2193 et
1359 2141 1493 2194 auctores
1508 2131 1673 2210 significant

320 2243 350 2296 et
370 2234 525 2296 confirmat
545 2233 608 2313 ipsc
630 2233 765 2312 princeps
788 2251 823 2293 eo
845 2233 922 2312 quod
945 2232 974 2308 3,
1000 2235 1037 2295 17
1062 2234 1238 2314 triumphale
1254 2235 1433 2316 congiarium
1450 2255 1475 2297 a.
1493 2235 1553 2296 725
1571 2235 1672 2298 scribit

319 2338 464 2418 accepisse
490 2341 521 2399 ia
551 2336 666 2399 coloniis
692 2335 815 2398 militum
840 2354 958 2399 morum
984 2337 1138 2400 bominum
1166 2338 1282 2400 circiter
1309 2358 1361 2400 eux
1389 2339 1485 2413 milia3
1512 2358 1581 2402 nam
1603 2357 1671 2400 eum

319 2439 366 2502 bis
387 2439 484 2502 uerbis
506 2439 636 2502 veterani
658 2438 776 2501 victoris
798 2439 942 2500 exercitus
965 2459 1068 2502 omnes
1090 2443 1386 2522 comprehendantur,
1414 2443 1481 2505 inde
1504 2443 1568 2505 iure
1590 2441 1672 2504 colli-

318 2544 397 2625 gitur
426 2544 457 2604 in
487 2541 654 2623 municipiis
681 2551 732 2604 aut
761 2541 857 2604 nullos
879 2543 970 2606 iuuisse
992 2553 1045 2606 aut
1066 2544 1104 2606 ita
1127 2563 1249 2624 paucos,
1278 2555 1311 2608 ut
1332 2557 1410 2609 recte
1432 2547 1670 2628 praeterirentur.

317 2647 356 2709 At
376 2647 444 2710 inde
467 2665 504 2708 ne
526 2646 636 2708 eilicias
659 2643 834 2725 oppidorum
857 2666 958 2709 eorum
981 2657 1093 2710 veteres
1115 2649 1193 2710 cives
1208 2667 1311 2712 omnes
1327 2651 1463 2732 expulsos
1478 2669 1551 2722 esse,
1575 2649 1671 2710 obstat

319 2761 349 2812 et
371 2769 471 2813 rerum
494 2750 569 2813 ratio
591 2759 621 2811 et
635 2747 740 2830 Hygini
762 2748 843 2811 locus
865 2769 954 2830 supra
975 2751 1097 2826 adlatus,
1120 2753 1270 2815 declarans
1291 2754 1323 2815 in
1346 2753 1446 2815 m'ultis
1462 2753 1576 2834 oppidis
1591 2761 1670 2814 vete-

318 2874 384 2917 rum
409 2854 515 2916 ciuium
539 2861 651 2935 partem
674 2852 859 2926 remansisse,
882 2863 916 2916 ut
937 2873 1011 2916 nova
1026 2855 1214 2936 reipublicae
1229 2860 1323 2918 forma
1338 2876 1389 2918 eos
1404 2875 1521 2938 quoque
1536 2873 1671 2936 compre-

319 2958 469 3020 henderet.
506 2956 591 3030 Quod
613 2965 712 3019 autem
735 2955 837 3018 scribit
851 2958 1000 3038 Augustus
1023 2960 1176 3040 pecuniam
1200 2979 1253 3041 pro
1274 2961 1351 3041 agris
1373 2961 1494 3022 solvisse
1517 2980 1548 3022 se
1571 2959 1671 3021 muni-

315 3062 417 3142 cipiis,
440 3070 519 3123 recte
541 3080 572 3123 se
595 3060 697 3135 babet3
727 3059 850 3122 dabatur
872 3061 950 3123 enirn
973 3063 1121 3125 veteribus
1150 3064 1238 3126 rebus
1261 3063 1394 3144 publicis,
1417 3073 1451 3125 ut
1473 3063 1535 3125 suis
1558 3062 1670 3124 ciuibus

318 3185 371 3246 per
398 3183 463 3227 eam
492 3165 663 3239 satisfieret,
691 3163 929 3246 coloniarumque
959 3167 1128 3229 constitutio
1155 3167 1295 3248 pecuniae
1323 3169 1468 3231 dationem
1497 3186 1557 3229 non
1585 3185 1671 3248 prae-

319 3270 415 3343 cessit,
439 3269 490 3332 sed
512 3277 612 3330 secuta
633 3277 687 3329 est.

420 3372 461 3434 lle
489 3372 578 3434 altera
606 3390 638 3433 re
660 3371 802 3433 hocloco
824 3373 928 3436 tradita
951 3392 1041 3454 pauca
1064 3384 1179 3437 tantum
1202 3374 1323 3437 dicenda
1346 3375 1475 3437 veniunt.
1520 3374 1671 3454 Augustus

320 3476 356 3540 ab
379 3495 404 3539 a.
421 3475 482 3538 738
505 3476 541 3538 ad
565 3477 623 3538 741
648 3495 717 3538 eum
739 3475 809 3539 alias
831 3495 878 3540 res
900 3495 953 3559 per
975 3477 1079 3540 Gallias
1103 3489 1133 3541 et
1147 3477 1300 3560 Hispanias
1323 3478 1474 3552 ordinavit,
1499 3486 1562 3540 tum
1579 3475 1671 3538 Dione

317 3703 407 3762 αὐτοῖς
424 3703 527 3757 ἔδωκεν.
556 3697 650 3765 ἐπειδὴ
667 3695 720 3772 γὰρ
738 3696 787 3751 οὐκ
804 3693 945 3769 ἐξήρκεσεν
961 3695 978 3765 ἡ
996 3699 1025 3754 ἐν
1042 3700 1078 3768 τῷ
1097 3698 1222 3771 δημοσίῳ
1238 3699 1276 3754 ἔτι
1287 3695 1347 3752 ao‘se
1359 3693 1438 3766 οὖσα,
1457 3700 1671 3770 προσεξεπρίατο

317 3787 398 3857 ἄλλην
415 3807 444 3844 τε
461 3791 507 3842 καλ
525 3790 602 3859 παρὰ
620 3785 784 3856 Καμπανῶν
800 3787 853 3839 τῶν
869 3785 899 3840 ἐν
915 3789 947 3858 τῇ
965 3780 1065 3858 Καπύῃ
1085 3781 1230 3840 οἰκούντων
1248 3782 1353 3856 συχνὴν
1369 3786 1424 3850 (καλ
1441 3785 1495 3859 γὰρ
1516 3781 1670 3850 ἔποίνωνὴ

317 3872 399 3936 πόλις
415 3877 524 3930 πολλῶν
546 3874 639 3938 ἐδεῖτο)
657 3873 703 3926 καὶ
720 3867 813 3932 αὐτοῖς
829 3871 859 3926 ao'
877 3891 905 3927 aa
922 3868 997 3948 ἔδωρ
1015 3874 1044 3928 τὸ
1060 3867 1175 3926 Ἰούλιον
1193 3869 1448 3944 ὠνομασμένον...
1463 3870 1512 3940 τήν
1533 3889 1561 3924 aa
1575 3866 1672 3943 χώραν

317 3961 367 4032 τὴν
383 3956 724 4017 Κνωσλαν...ἆντέδωαε.
751 3960 835 4014 ταῦτα
852 3960 904 4030 μὲν
921 3955 1216 4034 οὗνῧστερονέγένετο.
1243 3961 1301 4012 inde
1315 3963 1439 4014 enimboe
1452 3967 1548 4012 tantum
1561 3958 1672 4010 allicitur

317 4053 343 4103 in
362 4051 476 4116 orbibus,
494 4065 597 4117 quarum
617 4049 750 4101 territoria
769 4049 876 4102 tresviri
895 4048 1021 4102 militibus
1040 4048 1201 4116 destinabant
1219 4057 1244 4101 et
1256 4064 1360 4116 quamn
1374 4065 1387 4101 e
1400 4062 1504 4100 numero
1518 4047 1601 4114 Capua
1613 4043 1670 4108 luit,

319 4155 368 4190 non
387 4153 472 4189 omnes
491 4138 599 4187 omnium
618 4151 693 4201 agros
713 4136 819 4200 exlege
839 4137 869 4186 de
887 4151 914 4187 ea
933 4152 963 4188 ro
981 4136 1032 4187 lata
1051 4136 1176 4203 publicari
1194 4135 1321 4203 potuisse:
1341 4136 1398 4202 qnid
1418 4135 1481 4202 qnod
1500 4143 1550 4185 tam
1567 4139 1672 4201 propter

318 4227 495 4278 Caesarianam
515 4233 541 4276 et
558 4225 727 4277 Antonianum
746 4224 893 4276 colonorum
907 4223 1087 4290 Campanorum
1105 4224 1281 4275 deductionem
1300 4238 1372 4288 quam
1385 4228 1489 4288 propter
1500 4235 1576 4286 supra
1589 4217 1670 4269 relata

318 4313 396 4364 verba
414 4312 505 4363 Dionis
524 4327 571 4361 noa
591 4309 705 4362 absimile
724 4318 765 4362 est
782 4313 839 4362 veri
853 4309 953 4377 Capuae
971 4311 1041 4360 solos
1053 4326 1129 4375 agros
1141 4327 1189 4359 non
1204 4317 1277 4360 anteo
1291 4308 1436 4373 adsignatos
1450 4306 1581 4358 veteranis
1593 4304 1672 4355 desti-

318 4407 390 4451 natos
419 4414 483 4450 esse.
532 4397 644 4464 Denique
671 4397 830 4449 durissimam
857 4398 939 4460 legem
967 4413 981 4448 a
1009 4397 1118 4448 Caesare
1147 4397 1305 4464 aliquatenus
1336 4395 1475 4458 mitigatam
1506 4408 1563 4444 esse
1594 4406 1671 4456 agro-

318 4502 373 4538 rum
391 4484 582 4536 dividendorum
601 4492 674 4550 parte
693 4492 808 4551 coempta
825 4482 900 4550 plane
916 4484 1045 4535 diversum
1058 4491 1098 4535 ost
1111 4500 1125 4534 a
1138 4485 1275 4536 substituta
1289 4480 1454 4548 publicationi
1467 4479 1614 4530 venditione
1628 4495 1671 4528 oo·

318 4576 384 4623 acta.
420 4569 537 4621 Ceterum
556 4569 621 4636 qnod
640 4578 727 4622 censet
745 4570 869 4636 llergbius
890 4571 1039 4638 emptionem
1057 4571 1128 4621 illam
1147 4571 1203 4634 agri
1222 4569 1340 4636 Campani
1359 4568 1400 4620 vel
1418 4576 1488 4619 certe
1506 4567 1583 4634 pretii
1601 4566 1672 4616 solu-

318 4658 412 4708 tionem
430 4671 495 4706 anoo
514 4657 609 4706 demum
629 4656 677 4706 tlt
696 4658 823 4721 evenisse,
841 4657 900 4707 inde
918 4664 988 4709 corte
1007 4673 1056 4707 nou
1074 4658 1199 4723 colligere
1217 4655 1312 4719 debuit,
1331 4656 1395 4721 quod
1414 4655 1440 4705 iu
1459 4655 1560 4705 Cretam
1578 4668 1600 4705 a.
1620 4652 1669 4704 718

319 4743 424 4795 Caesari
441 4744 480 4793 ius
500 4760 547 4792 non
566 4740 624 4808 luit,
643 4742 738 4794 oblitus
757 4745 799 4806 agi
820 4745 867 4794 boc
885 4744 941 4794 loco
959 4745 990 4794 de
1008 4744 1184 4808 adsignatione
1203 4743 1357 4794 triumuirali
1375 4750 1401 4792 et
1419 4757 1448 4791 eo
1467 4749 1579 4807 tempore
1597 4742 1665 4790 inter

318 4831 456 4883 Antonium
474 4838 501 4881 et
518 4831 651 4882 Caesarem
669 4829 778 4896 aliquam
797 4831 878 4882 adhue
896 4831 1057 4881 concordiam
1075 4831 1217 4882 duravisse.
