3730 5434
792 347 830 415 Π,
849 349 919 403 2-5
1489 352 1531 415 37

178 531 344 610 Augustum
364 529 507 610 Agrippae
535 531 655 591 cadaver
680 529 828 610 adspicere
851 528 981 590 uoluisse
1003 521 1055 590 ὅτι
1077 526 1119 590 τὰ
1138 523 1206 590 τοῖν
1227 529 1371 610 τιμητῶν
1393 526 1533 611 ἔπραττε

178 636 275 715 ipsam
309 643 407 696 tamen
441 633 639 696 narrationem
666 632 850 714 improbans)
879 640 908 694 et
935 632 995 693 743
1027 633 1097 711 (54,
1127 630 1181 692 35:
1220 626 1412 709 Αὔγουστος
1445 628 1532 695 ἄπο-

176 733 308 819 γραφοὲς
336 775 375 784 -
408 729 605 820 ὑπογραφάς
633 736 700 798 libri
728 771 770 780 --
795 759 830 798 τε
856 731 1039 819 ἐποιήσατο
1067 730 1178 798 πάντα
1203 731 1245 797 τοὶ
1277 731 1469 818 ὑπάρχοντά
1499 734 1532 800 οἳ

177 837 335 923 καθάπερ
364 863 415 913 τις
446 835 578 922 ἰδιώτης
605 835 918 923 ἀπογραψάμενος);
946 848 1083 920 quartum
1114 859 1137 902 a.
1163 839 1224 900 757
1255 841 1323 916 (55,
1353 839 1415 920 13),
1442 861 1532 920 quem

179 955 278 1007 umen
300 965 354 1026 pro
377 963 468 1006 ceusu
490 943 596 1005 habere
619 943 681 1025 ipse
702 945 852 1025 Augustus
874 943 1010 1016 noluerit,
1033 962 1101 1005 nam
1126 945 1200 1005 leuto
1223 952 1327 1005 senatu
1349 963 1452 1007 censos
1468 965 1533 1008 esse

177 1069 229 1111 eos
256 1049 334 1110 solos
361 1049 412 1128 qui
439 1048 470 1109 in
492 1047 572 1109 ltalia
599 1047 766 1110 babitarent
791 1057 821 1110 et
842 1048 908 1129 plus
936 1048 1060 1109 ducenta
1088 1047 1167 1108 milia
1193 1047 1361 1110 sestertium
1389 1049 1420 1110 in
1446 1050 1532 1112 bonis

177 1153 334 1214 baberent:
358 1149 414 1214 καὶ
437 1145 528 1224 ὅπως
550 1173 586 1230 γε
608 1144 652 1233 μή
677 1146 803 1224 δόξειεν
824 1143 867 1224 (ὃς
888 1147 1023 1234 τιμητὴς
1044 1145 1123 1213 αὐτὸ
1145 1149 1257 1214 ποιεῖν
1337 1147 1533 1217 ἀνθύπατον

177 1253 333 1327 ἐξουσίαν
355 1251 437 1335 πρός
458 1276 494 1316 τε
514 1249 553 1316 ad
574 1253 666 1327 τέλος
687 1253 752 1318 τῶν
774 1249 981 1336 ἀπογραφῶν
1002 1252 1058 1314 καὶ
1081 1253 1166 1337 πρὸς
1186 1254 1244 1338 τὴν
1265 1253 1323 1317 τοῦ
1343 1258 1533 1339 καθαρσίου

178 1353 317 1442 ποίησιν
344 1359 544 1440 προσέθετο.
588 1357 665 1420 llaec
691 1377 707 1420 a
731 1376 798 1419 vero
826 1366 859 1420 ut
885 1359 971 1438 longe
1001 1357 1156 1431 recedunt,
1187 1357 1227 1420 ita
1249 1377 1302 1420 cur
1324 1360 1463 1422 recedant
1484 1360 1532 1422 in-

178 1463 275 1542 tellegi
301 1470 415 1544 potest3
442 1481 538 1542 neque
568 1461 647 1523 euim
675 1461 724 1524 hic
746 1481 897 1524 versamur
922 1461 953 1524 iu
981 1461 1070 1523 meris
1101 1460 1263 1535 erroribus,
1296 1462 1346 1523 sed
1373 1462 1402 1523 in
1431 1482 1531 1526 rerum

178 1565 403 1647 interpolatione
425 1565 603 1646 gravissima.
647 1565 704 1626 Ter
726 1585 848 1628 oensem
866 1565 959 1644 egisse
974 1567 1140 1644 Augustum
1155 1563 1208 1626 llio
1223 1584 1340 1645 quoque
1355 1565 1448 1646 pouit,
1471 1568 1532 1630 sive

177 1669 350 1732 aSuetouio
364 1669 486 1732 edoctus
502 1669 562 1730 sire
577 1669 706 1743 aliunde;
730 1688 853 1748 eamque
874 1668 968 1748 ipsam
991 1668 1029 1730 ob
1051 1687 1168 1731 causam
1191 1687 1216 1730 a.
1234 1669 1294 1729 757
1317 1669 1444 1731 lustrum
1464 1672 1532 1751 qui-

178 1774 244 1835 dem
268 1792 363 1852 neque
387 1782 484 1835 tamen
506 1791 626 1835 censum
650 1775 758 1834 lactum
782 1791 846 1834 esse
868 1772 1019 1834 contendit
1041 1791 1110 1834 sane
1133 1791 1222 1851 quam
1245 1791 1388 1853 perverse,
1412 1793 1448 1835 ne
1472 1783 1532 1837 ter·

178 1877 295 1939 narium
317 1894 475 1938 numerum
498 1876 658 1938 excederet.
689 1877 802 1939 Census
825 1885 922 1938 autem
945 1877 1004 1937 duo
1030 1875 1254 1938 reuertente
1277 1885 1307 1938 et
1323 1877 1416 1948 742)3
1433 1889 1532 1960 aperte

178 1979 320 2060 originem
336 1983 489 2042 traxerunt
503 1999 538 2040 ex
553 1998 623 2041 cura
639 1998 766 2054 morum,
778 1999 867 2060 quam
878 1978 1002 2041 Diouem
1017 1979 1144 2041 vidimus
1160 1980 1337 2041 contendere
1352 1980 1388 2042 ab
1399 1979 1531 2061 Augusto

177 2083 224 2145 bis
251 2093 398 2164 receptam
425 2101 489 2144 esse
516 2101 542 2144 a.
559 2082 620 2144 735
643 2091 673 2144 et
695 2083 765 2158 742,
788 2083 911 2164 eiusque
937 2081 1046 2144 erroris
1074 2101 1142 2163 pars
1171 2091 1201 2144 et
1229 2084 1344 2162 sequela
1373 2093 1419 2146 est
1445 2105 1532 2149 curae

177 2187 241 2248 eius
268 2187 303 2248 ad
331 2204 485 2248 censuram
509 2184 668 2251 translatio.
713 2185 750 2247 lli
772 2205 878 2248 census
900 2185 964 2248 falsi
986 2187 1162 2267 expulerunt
1184 2205 1268 2248 veros
1290 2206 1315 2249 a.
1333 2189 1394 2251 746
1410 2198 1440 2251 et
1455 2191 1530 2265 767;

177 2289 293 2371 primus
315 2289 464 2352 remansit.
498 2280 700 2351 Narrationem
723 2289 758 2350 de
781 2299 885 2370 quarto
908 2309 998 2352 censu
1021 2299 1141 2352 eatenus
1163 2299 1243 2372 patet
1265 2301 1434 2372 corruptam
1456 2313 1530 2370 esse,

178 2395 257 2474 quod
285 2411 391 2455 census
417 2401 499 2454 aetus
526 2411 591 2454 esse
618 2393 724 2455 dicitur
750 2393 813 2454 iure
842 2393 1044 2474 proconsulari
1071 2411 1130 2455 non
1158 2394 1254 2456 solum
1283 2405 1384 2457 contra
1406 2397 1530 2478 Augusti

177 2497 270 2578 ipsius
297 2496 516 2570 testimonium,
545 2496 596 2557 sed
619 2495 707 2558 etiam
729 2505 831 2558 eontra
852 2497 925 2559 iuris
947 2496 1054 2577 publici
1076 2496 1235 2572 rationem3
1262 2497 1325 2579 ipsa
1346 2508 1445 2561 autem
1468 2501 1531 2563 sine

178 2600 268 2663 dubio
294 2618 354 2662 uou
383 2599 476 2680 magis
505 2599 610 2663 ficticia
637 2609 683 2662 est
715 2619 803 2680 quam
837 2620 911 2680 quae
934 2601 1022 2662 simul
1044 2609 1202 2662 narrantur
1224 2601 1260 2663 de
1282 2611 1385 2664 senatu
1408 2614 1530 2684 purgato

178 2703 218 2784 (r.
234 2704 270 2766 ad
284 2703 314 2776 2,
333 2701 373 2782 1),
396 2721 574 2783 quamquam
597 2722 664 2765 vera
686 2703 729 2766 rei
751 2712 831 2766 actae
853 2703 984 2766 condicio
1006 2723 1042 2766 en
1066 2704 1181 2766 turbata
1196 2705 1298 2768 Graeci
1312 2706 1439 2769 auctoris
1453 2709 1530 2770 rela-

179 2807 257 2869 tione
279 2825 382 2887 parum
405 2805 589 2888 perspicitur.

277 2909 411 2971 Primum
427 2928 549 2971 censum
564 2911 714 2990 Augustus
730 2910 789 2990 egit
805 2919 877 2972 teste
889 2911 981 2973 Dione
996 2910 1059 2986 (52,
1075 2911 1234 2991 42.53,1)
1249 2931 1302 2992 per
1316 2932 1409 2974 annos
1425 2914 1486 2975 725
1501 2925 1531 2977 et

179 3013 250 3075 726.
287 3013 428 3076 Lustrum
451 3013 602 3075 conditum
625 3033 689 3074 esse
710 3013 767 3075 hoc
781 3033 857 3076 anno
872 3014 926 3075 llio
941 3014 1042 3076 scribit
1057 3015 1291 3096 confirmantque
1306 3016 1373 3077 lasti
1390 3017 1529 3094 Venusini

178 3117 223 3196 (C.
242 3117 292 3192 IX,
313 3116 389 3196 422)
416 3116 452 3178 ad
479 3135 504 3178 a.
525 3117 603 3178 726;
631 3121 698 3197 imp.
720 3116 826 3180 Cumae
854 3137 889 3190 rr,
920 3117 959 3179 M.
982 3118 1108 3198 Agrappe
1127 3137 1154 3178 11
1178 3116 1275 3198 (cos.),·
1306 3121 1381 3182 idem
1402 3127 1531 3184 consorte

177 3222 336 3301 potesttote)
370 3220 494 3282 lustrum
526 3220 692 3299 secedunt),
720 3227 750 3282 et
776 3221 931 3282 consumat
957 3221 1020 3303 ipse
1046 3220 1205 3300 Augustus,
1236 3241 1303 3282 cunr
1332 3221 1362 3284 in
1393 3223 1529 3286 censibus

178 3322 317 3385 omnibus
340 3341 451 3384 aunum
474 3341 613 3384 censurae
636 3341 696 3384 non
719 3335 846 3404 coeptae,
874 3325 924 3386 sed
947 3325 1046 3386 finitae
1067 3324 1263 3405 adscripserit.
1309 3324 1451 3388 Censores
1479 3327 1530 3407 qui

180 3427 245 3488 lacti
268 3436 339 3489 suut
360 3427 437 3488 inter
458 3426 491 3487 L.
508 3427 632 3490 Gellium
655 3437 686 3489 et
707 3426 759 3489 Cn.
775 3427 933 3489 Lentulum
955 3435 985 3490 et
1007 3427 1160 3489 Caesarem
1183 3427 1311 3489 lustrum
1339 3447 1399 3490 non
1425 3429 1529 3491 lecisse

178 3539 244 3610 post
265 3529 447 3591 luculentum
471 3529 505 3590 de
528 3528 699 3592 censoribus
721 3529 828 3592 saeculi
843 3548 882 3590 vri
897 3531 1142 3592 commentarium
1159 3529 1309 3610 Borghesii
1325 3530 1411 3592 hodie
1427 3550 1529 3594 omues

177 3633 381 3707 consentiunt3
407 3633 535 3694 lustrum
558 3632 630 3695 illud
653 3633 768 3695 videtur
789 3633 970 3708 fuissemus,
994 3633 1050 3695 boc
1065 3651 1120 3694 cxx
1135 3631 1323 3713 (Stootsreobt
1338 3633 1379 3693 2²
1397 3654 1425 3714 p.
1442 3633 1527 3712 331).

177 3735 326 3816 deniqui
348 3737 546 3798 interfuerunt
566 3736 645 3798 iuter
666 3737 794 3799 lustrum
817 3755 833 3798 a
856 3735 948 3798 Gellio
970 3746 1000 3799 et
1022 3737 1145 3799 Lentulo
1172 3736 1323 3799 conditum
1353 3745 1384 3799 et
1404 3737 1529 3816 Augusti

178 3841 307 3920 primum
330 3857 389 3899 κου
411 3839 560 3918 quomodo
582 3841 743 3921 computati
766 3840 834 3915 sint,
861 3839 969 3920 pendet
990 3840 1026 3901 ab
1048 3859 1126 3902 anno
1148 3840 1233 3902 lustri
1255 3839 1388 3921 proxime
1411 3859 1530 3923 praece·

178 3943 281 4005 dentis.
328 3943 409 4006 Solet
437 3943 466 4004 id
495 3943 621 4005 adscribi
649 3945 685 4006 ad
707 3965 732 4006 a.
749 3943 828 4018 684;
856 3952 886 4005 at
907 3963 955 4004 res
977 3963 1002 4004 a.
1019 3943 1079 4004 683
1108 3943 1156 4005 vin
1183 3943 1223 4004 ita
1250 3942 1404 4016 ordinaris,
1432 3952 1466 4004 ut
1495 3964 1529 4004 eo

177 4152 332 4231 gistratum
355 4151 556 4231 deposuerunt
577 4150 720 4230 sequenti.
765 4151 801 4212 ut
824 4149 922 4212 Livius
952 4169 1068 4230 quoque
1091 4156 1164 4230 (per.
1181 4150 1236 4230 93)
1257 4150 1383 4211 lustrum
1409 4169 1443 4211 eo
1464 4150 1529 4210 loco

177 4259 275 4327 refert,
305 4265 338 4317 ut
359 4255 394 4315 ad
417 4273 442 4315 a.
459 4252 520 4315 685
543 4253 573 4315 id
600 4256 746 4336 pertinere
773 4263 918 4335 appareat.
968 4252 1044 4314 Anni
1072 4253 1170 4336 itaque
1196 4273 1255 4314 xun
1283 4272 1350 4314 cum
1383 4255 1528 4315 numerati

177 4359 237 4420 sint
258 4358 294 4420 ab
316 4378 342 4419 a.
359 4357 419 4419 685
442 4357 477 4422 ad
499 4377 525 4418 a.
542 4357 613 4431 726,
636 4367 756 4439 apparet
783 4358 911 4438 primum
942 4367 1185 4436 postremumque
1212 4356 1260 4418 hic
1283 4354 1529 4435 comprehensum

177 4481 250 4522 esse.
278 4497 318 4505 -
348 4461 383 4523 ln
417 4461 568 4523 consulatu
600 4473 678 4523 secto
704 4463 853 4540 Augustus
880 4462 921 4522 ait
954 4460 1081 4522 lustrum
1117 4480 1149 4521 se
1184 4460 1382 4539 collegamque
1415 4460 1528 4532 iecisse,

177 4569 304 4627 αυτοττό
323 4575 458 4645 potestate
481 4564 548 4626 l'asti
563 4563 712 4639 Venusini,
735 4573 813 4626 recte
835 4575 864 4625 et
879 4564 926 4624 ille
936 4553 971 4625 ¹el
985 4565 1033 4638 hi3
1055 4563 1166 4625 scilicet
1180 4564 1267 4625 rediit
1282 4564 1432 4642 Augustus
1448 4581 1529 4624 more

177 4688 232 4730 suo
264 4669 299 4730 ad
330 4667 563 4746 antiquissimam
598 4687 698 4729 rerum
732 4667 960 4742 ordinationem,
993 4668 1110 4747 quando
1138 4667 1194 4728 sub
1225 4666 1341 4748 regibus
1368 4665 1529 4746 primisque

177 4770 347 4836 consulibus
372 4791 420 4834 res
442 4772 558 4853 publica
580 4780 643 4833 erat
664 4790 718 4834 nec
740 4789 876 4833 censores
900 4770 950 4832 ulli
972 4771 1154 4845 creabantur,
1178 4772 1230 4834 sed
1252 4788 1335 4850 reges
1357 4770 1528 4832 consulesne
