<?xml version="1.0" encoding="UTF-8"?>
<!DOCTYPE html PUBLIC "-//W3C//DTD XHTML 1.0 Transitional//EN"
    "http://www.w3.org/TR/xhtml1/DTD/xhtml1-transitional.dtd">
<html xmlns="http://www.w3.org/1999/xhtml" xml:lang="en" lang="en">
 <head>
  <title>
</title>
<meta http-equiv="Content-Type" content="text/html;charset=utf-8" />
  <meta name='ocr-system' content='tesseract 3.04.00' />
  <meta name='ocr-capabilities' content='ocr_page ocr_carea ocr_par ocr_line ocrx_word'/>
</head>
<body>
  <div class='ocr_page' id='page_1' title='image "./resgestaediviau00augugoog_0094.png"; bbox 0 0 3730 5434; ppageno 0'>
   <div class='ocr_carea' id='block_1_1' title="bbox 808 383 1553 454">
    <p class='ocr_par' dir='ltr' id='par_1_1' title="bbox 808 383 1553 454">
     <span class='ocr_line' id='line_1_1' title="bbox 808 383 1553 454; baseline 0.005 -17"><span class='ocrx_word' id='word_1_1' title='bbox 808 383 831 450; x_wconf 90' lang='lat'><strong>1,</strong></span> <span class='ocrx_word' id='word_1_2' title='bbox 850 385 955 440; x_wconf 89' lang='grc'>37-39</span> <span class='ocrx_word' id='word_1_3' title='bbox 1512 391 1553 454; x_wconf 77' lang='lat'><strong>29</strong></span> 
     </span>
    </p>
   </div>
   <div class='ocr_carea' id='block_1_2' title="bbox 211 563 1613 656">
    <p class='ocr_par' dir='ltr' id='par_1_2' title="bbox 211 563 1613 656">
     <span class='ocr_line' id='line_1_2' title="bbox 211 563 1613 656; baseline 0.005 -33"><span class='ocrx_word' id='word_1_4' title='bbox 211 570 383 642; x_wconf 85' lang='lat' dir='ltr'><strong>potestatem</strong></span> <span class='ocrx_word' id='word_1_5' title='bbox 414 563 625 642; x_wconf 81' lang='lat' dir='ltr'><strong>tribuniciam),</strong></span> <span class='ocrx_word' id='word_1_6' title='bbox 652 581 705 645; x_wconf 86' lang='lat' dir='ltr'><strong>quo</strong></span> <span class='ocrx_word' id='word_1_7' title='bbox 731 567 807 636; x_wconf 76' lang='lat' dir='ltr'><strong>altre,</strong></span> <span class='ocrx_word' id='word_1_8' title='bbox 835 582 1005 656; x_wconf 76' lang='lat' dir='ltr'><strong>quamquam</strong></span> <span class='ocrx_word' id='word_1_9' title='bbox 1033 568 1093 626; x_wconf 73' lang='grc' dir='ltr'><strong>οἱον</strong></span> <span class='ocrx_word' id='word_1_10' title='bbox 1123 582 1257 626; x_wconf 72' lang='lat' dir='ltr'><strong>ceumaco</strong></span> <span class='ocrx_word' id='word_1_11' title='bbox 1289 565 1409 637; x_wconf 78' lang='lat' dir='ltr'><strong>bonore,</strong></span> <span class='ocrx_word' id='word_1_12' title='bbox 1440 586 1554 630; x_wconf 79' lang='grc' dir='ltr'><strong><em>οοοοοοο</em></strong></span> <span class='ocrx_word' id='word_1_13' title='bbox 1610 631 1613 638; x_wconf 79' lang='grc'><strong><em>,</em></strong></span> 
     </span>
    </p>
   </div>
   <div class='ocr_carea' id='block_1_3' title="bbox 211 665 1674 748">
    <p class='ocr_par' dir='ltr' id='par_1_3' title="bbox 211 665 1674 748">
     <span class='ocr_line' id='line_1_3' title="bbox 211 665 1674 748; baseline 0.004 -22"><span class='ocrx_word' id='word_1_14' title='bbox 211 675 305 727; x_wconf 77' lang='lat' dir='ltr'><strong>tomen</strong></span> <span class='ocrx_word' id='word_1_15' title='bbox 322 665 426 747; x_wconf 81' lang='lat' dir='ltr'><strong>populi</strong></span> <span class='ocrx_word' id='word_1_16' title='bbox 445 677 488 728; x_wconf 79' lang='lat' dir='ltr'><strong>ter</strong></span> <span class='ocrx_word' id='word_1_17' title='bbox 508 671 570 747; x_wconf 79' lang='lat' dir='ltr'><strong>egit,</strong></span> <span class='ocrx_word' id='word_1_18' title='bbox 598 669 726 745; x_wconf 83' lang='lat' dir='ltr'><strong>primum</strong></span> <span class='ocrx_word' id='word_1_19' title='bbox 742 679 781 729; x_wconf 68' lang='lat' dir='ltr'><strong>tc</strong></span> <span class='ocrx_word' id='word_1_20' title='bbox 803 671 915 729; x_wconf 75' lang='lat' dir='ltr'><strong>medem</strong></span> <span class='ocrx_word' id='word_1_21' title='bbox 937 687 1001 730; x_wconf 84' lang='lat' dir='ltr'><strong>oum</strong></span> <span class='ocrx_word' id='word_1_22' title='bbox 1023 667 1136 748; x_wconf 81' lang='lat' dir='ltr'><strong>collega,</strong></span> <span class='ocrx_word' id='word_1_23' title='bbox 1164 669 1288 730; x_wconf 71' lang='lat' dir='ltr'><strong>medium</strong></span> <span class='ocrx_word' id='word_1_24' title='bbox 1314 670 1399 731; x_wconf 77' lang='lat' dir='ltr'><strong>solam.</strong></span> <span class='ocrx_word' id='word_1_25' title='bbox 1443 669 1497 731; x_wconf 82' lang='lat' dir='ltr'><strong>llio</strong></span> <span class='ocrx_word' id='word_1_26' title='bbox 1518 671 1554 732; x_wconf 93' lang='lat' dir='ltr'><strong>ad</strong></span> <span class='ocrx_word' id='word_1_27' title='bbox 1671 689 1674 700; x_wconf 71' lang='lat'>¹</span> 
     </span>
    </p>
   </div>
   <div class='ocr_carea' id='block_1_4' title="bbox 210 765 1556 1472">
    <p class='ocr_par' dir='ltr' id='par_1_4' title="bbox 210 765 1556 1472">
     <span class='ocr_line' id='line_1_4' title="bbox 211 765 1555 857; baseline 0.004 -28"><span class='ocrx_word' id='word_1_28' title='bbox 211 787 235 829; x_wconf 88' lang='lat' dir='ltr'><strong>a.</strong></span> <span class='ocrx_word' id='word_1_29' title='bbox 257 767 317 830; x_wconf 99' lang='grc'><strong>735</strong></span> <span class='ocrx_word' id='word_1_30' title='bbox 338 769 402 850; x_wconf 81' lang='grc'><strong>(54,</strong></span> <span class='ocrx_word' id='word_1_31' title='bbox 425 770 491 846; x_wconf 87' lang='lat'>10):</span> <span class='ocrx_word' id='word_1_32' title='bbox 520 765 716 852; x_wconf 76' lang='grc' dir='ltr'><strong><em>ἐπιμελητής</em></strong></span> <span class='ocrx_word' id='word_1_33' title='bbox 744 793 780 832; x_wconf 82' lang='grc' dir='ltr'><strong>τε</strong></span> <span class='ocrx_word' id='word_1_34' title='bbox 806 770 870 834; x_wconf 77' lang='grc' dir='ltr'><strong>τῶν</strong></span> <span class='ocrx_word' id='word_1_35' title='bbox 895 767 1029 854; x_wconf 76' lang='grc' dir='ltr'><strong><em>τρόπον</em></strong></span> <span class='ocrx_word' id='word_1_36' title='bbox 1057 767 1089 842; x_wconf 77' lang='grc' dir='ltr'><strong>ἐς</strong></span> <span class='ocrx_word' id='word_1_37' title='bbox 1122 773 1219 834; x_wconf 81' lang='grc' dir='ltr'><em>πέντε</em></span> <span class='ocrx_word' id='word_1_38' title='bbox 1248 769 1300 857; x_wconf 76' lang='grc' dir='ltr'><strong>ἔτη</strong></span> <span class='ocrx_word' id='word_1_39' title='bbox 1328 769 1555 855; x_wconf 78' lang='grc' dir='ltr'><strong><em>παρακληθεὶς</em></strong></span> 
     </span>
     <span class='ocr_line' id='line_1_5' title="bbox 211 869 1555 957; baseline 0.004 -25"><span class='ocrx_word' id='word_1_40' title='bbox 211 869 479 956; x_wconf 74' lang='grc' dir='ltr'><strong><em>διεχειροτονήθη</em></strong></span> <span class='ocrx_word' id='word_1_41' title='bbox 510 870 565 933; x_wconf 82' lang='grc' dir='ltr'><strong>καὶ</strong></span> <span class='ocrx_word' id='word_1_42' title='bbox 598 871 657 954; x_wconf 72' lang='grc' dir='ltr'><strong>τὴν</strong></span> <span class='ocrx_word' id='word_1_43' title='bbox 687 871 840 946; x_wconf 79' lang='grc' dir='ltr'><strong><em>ἐξουσίαν</em></strong></span> <span class='ocrx_word' id='word_1_44' title='bbox 873 871 931 956; x_wconf 78' lang='grc' dir='ltr'><strong>τὴν</strong></span> <span class='ocrx_word' id='word_1_45' title='bbox 960 870 1021 954; x_wconf 83' lang='grc' dir='ltr'><strong>μὲν</strong></span> <span class='ocrx_word' id='word_1_46' title='bbox 1046 873 1110 936; x_wconf 80' lang='grc' dir='ltr'><strong>τῶν</strong></span> <span class='ocrx_word' id='word_1_47' title='bbox 1137 875 1280 957; x_wconf 76' lang='grc' dir='ltr'><strong><em>τιμητῶν</em></strong></span> <span class='ocrx_word' id='word_1_48' title='bbox 1309 874 1341 950; x_wconf 76' lang='grc' dir='ltr'><strong>ἐς</strong></span> <span class='ocrx_word' id='word_1_49' title='bbox 1367 871 1425 938; x_wconf 78' lang='grc' dir='ltr'><strong>τόν</strong></span> <span class='ocrx_word' id='word_1_50' title='bbox 1456 872 1555 940; x_wconf 80' lang='grc' dir='ltr'><strong><em>αὐτὸν</em></strong></span> 
     </span>
     <span class='ocr_line' id='line_1_6' title="bbox 210 966 1555 1060; baseline 0.003 -23"><span class='ocrx_word' id='word_1_51' title='bbox 210 970 339 1056; x_wconf 83' lang='grc' dir='ltr'><strong><em>χρόνον,</em></strong></span> <span class='ocrx_word' id='word_1_52' title='bbox 362 973 420 1054; x_wconf 75' lang='grc' dir='ltr'><strong>τὴν</strong></span> <span class='ocrx_word' id='word_1_53' title='bbox 441 969 479 1038; x_wconf 75' lang='grc' dir='ltr'><strong>δὲ</strong></span> <span class='ocrx_word' id='word_1_54' title='bbox 501 977 565 1040; x_wconf 83' lang='grc' dir='ltr'><strong>τῶν</strong></span> <span class='ocrx_word' id='word_1_55' title='bbox 591 966 729 1039; x_wconf 70' lang='grc' dir='ltr'><strong><em>ὑπάτων</em></strong></span> <span class='ocrx_word' id='word_1_56' title='bbox 757 974 815 1038; x_wconf 77' lang='grc' dir='ltr'><strong>διὰ</strong></span> <span class='ocrx_word' id='word_1_57' title='bbox 837 977 913 1056; x_wconf 76' lang='grc' dir='ltr'><strong><em>βίον</em></strong></span> <span class='ocrx_word' id='word_1_58' title='bbox 935 973 1064 1058; x_wconf 80' lang='grc' dir='ltr'><strong><em>ἔλαβεν,</em></strong></span> <span class='ocrx_word' id='word_1_59' title='bbox 1091 978 1160 1039; x_wconf 89' lang='lat' dir='ltr'><strong>item</strong></span> <span class='ocrx_word' id='word_1_60' title='bbox 1184 979 1220 1040; x_wconf 93' lang='lat' dir='ltr'><strong>ad</strong></span> <span class='ocrx_word' id='word_1_61' title='bbox 1242 997 1267 1041; x_wconf 92' lang='lat' dir='ltr'><strong>a.</strong></span> <span class='ocrx_word' id='word_1_62' title='bbox 1285 979 1346 1041; x_wconf 92' lang='grc'><strong>742</strong></span> <span class='ocrx_word' id='word_1_63' title='bbox 1362 981 1425 1060; x_wconf 87' lang='grc'><strong>(54,</strong></span> <span class='ocrx_word' id='word_1_64' title='bbox 1442 978 1511 1055; x_wconf 84' lang='lat'><strong>30):</strong></span> <span class='ocrx_word' id='word_1_65' title='bbox 1536 975 1555 1042; x_wconf 92' lang='lat' dir='ltr'><strong>o‘</strong></span> 
     </span>
     <span class='ocr_line' id='line_1_7' title="bbox 215 1073 1556 1164; baseline 0.005 -25"><span class='ocrx_word' id='word_1_66' title='bbox 215 1074 418 1155; x_wconf 79' lang='grc' dir='ltr'><strong><em>Αὔγουστος,</em></strong></span> <span class='ocrx_word' id='word_1_67' title='bbox 442 1073 640 1163; x_wconf 75' lang='grc' dir='ltr'><strong><em>ἐπιμελητής</em></strong></span> <span class='ocrx_word' id='word_1_68' title='bbox 660 1102 695 1142; x_wconf 84' lang='grc' dir='ltr'><strong>τε</strong></span> <span class='ocrx_word' id='word_1_69' title='bbox 717 1078 770 1141; x_wconf 82' lang='grc' dir='ltr'><strong>καὶ</strong></span> <span class='ocrx_word' id='word_1_70' title='bbox 795 1077 1030 1163; x_wconf 58' lang='lat' dir='ltr'><strong>incoeptionis</strong></span> <span class='ocrx_word' id='word_1_71' title='bbox 1050 1080 1113 1142; x_wconf 79' lang='grc' dir='ltr'><strong>τῶν</strong></span> <span class='ocrx_word' id='word_1_72' title='bbox 1134 1077 1267 1162; x_wconf 80' lang='grc' dir='ltr'><strong><em>τρόπων</em></strong></span> <span class='ocrx_word' id='word_1_73' title='bbox 1289 1080 1321 1156; x_wconf 75' lang='grc' dir='ltr'><strong>ἐς</strong></span> <span class='ocrx_word' id='word_1_74' title='bbox 1344 1085 1436 1164; x_wconf 73' lang='grc' dir='ltr'><strong><em>ἕτερον</em></strong></span> <span class='ocrx_word' id='word_1_75' title='bbox 1459 1085 1556 1146; x_wconf 79' lang='grc' dir='ltr'><strong><em>πέντε</em></strong></span> 
     </span>
     <span class='ocr_line' id='line_1_8' title="bbox 212 1175 1555 1271; baseline 0.005 -30"><span class='ocrx_word' id='word_1_76' title='bbox 212 1176 265 1263; x_wconf 79' lang='grc' dir='ltr'><strong>ἔτη</strong></span> <span class='ocrx_word' id='word_1_77' title='bbox 292 1175 458 1263; x_wconf 71' lang='grc' dir='ltr'><strong><em>αἱρεθείς,</em></strong></span> <span class='ocrx_word' id='word_1_78' title='bbox 491 1185 546 1244; x_wconf 79' lang='grc' dir='ltr'><strong>καὶ</strong></span> <span class='ocrx_word' id='word_1_79' title='bbox 579 1180 639 1266; x_wconf 76' lang='grc' dir='ltr'><strong>γὰρ</strong></span> <span class='ocrx_word' id='word_1_80' title='bbox 671 1181 766 1245; x_wconf 80' lang='grc' dir='ltr'><strong><em>τοῦτο</em></strong></span> <span class='ocrx_word' id='word_1_81' title='bbox 796 1181 879 1245; x_wconf 80' lang='grc' dir='ltr'><strong>κατὰ</strong></span> <span class='ocrx_word' id='word_1_82' title='bbox 910 1183 1139 1265; x_wconf 66' lang='grc' dir='ltr'><strong><em>προθεσμίας,</em></strong></span> <span class='ocrx_word' id='word_1_83' title='bbox 1174 1178 1283 1270; x_wconf 81' lang='grc' dir='ltr'><em>ὥσπερ</em></span> <span class='ocrx_word' id='word_1_84' title='bbox 1316 1208 1381 1249; x_wconf 86' lang='grc' dir='ltr'><strong>που</strong></span> <span class='ocrx_word' id='word_1_85' title='bbox 1412 1187 1467 1249; x_wconf 79' lang='grc' dir='ltr'><strong>καὶ</strong></span> <span class='ocrx_word' id='word_1_86' title='bbox 1497 1184 1555 1271; x_wconf 75' lang='grc' dir='ltr'><strong>τὴν</strong></span> 
     </span>
     <span class='ocr_line' id='line_1_9' title="bbox 210 1277 1555 1369; baseline 0.004 -23"><span class='ocrx_word' id='word_1_87' title='bbox 210 1286 409 1365; x_wconf 74' lang='grc' dir='ltr'><strong><em>μοναρχίαν,</em></strong></span> <span class='ocrx_word' id='word_1_88' title='bbox 440 1277 611 1367; x_wconf 75' lang='grc' dir='ltr'><strong><em>ἐλάμβανε.</em></strong></span> <span class='ocrx_word' id='word_1_89' title='bbox 645 1321 686 1330; x_wconf 92' lang='grc'><strong>-</strong></span> <span class='ocrx_word' id='word_1_90' title='bbox 716 1285 758 1346; x_wconf 85' lang='lat' dir='ltr'><strong>Ex</strong></span> <span class='ocrx_word' id='word_1_91' title='bbox 791 1286 837 1348; x_wconf 89' lang='lat' dir='ltr'><strong>bis</strong></span> <span class='ocrx_word' id='word_1_92' title='bbox 874 1285 1048 1348; x_wconf 78' lang='lat' dir='ltr'><strong>testimoniis</strong></span> <span class='ocrx_word' id='word_1_93' title='bbox 1086 1296 1201 1366; x_wconf 87' lang='lat' dir='ltr'><strong>poetae-</strong></span> <span class='ocrx_word' id='word_1_94' title='bbox 1219 1289 1352 1369; x_wconf 86' lang='lat' dir='ltr'><strong>aequales</strong></span> <span class='ocrx_word' id='word_1_95' title='bbox 1385 1291 1429 1352; x_wconf 88' lang='lat' dir='ltr'><strong>vel</strong></span> <span class='ocrx_word' id='word_1_96' title='bbox 1461 1298 1555 1352; x_wconf 90' lang='lat' dir='ltr'><strong>aetate</strong></span> 
     </span>
     <span class='ocr_line' id='line_1_10' title="bbox 210 1381 1554 1472; baseline 0.005 -24"><span class='ocrx_word' id='word_1_97' title='bbox 210 1381 350 1468; x_wconf 78' lang='lat' dir='ltr'><strong>suppares</strong></span> <span class='ocrx_word' id='word_1_98' title='bbox 376 1406 443 1450; x_wconf 87' lang='lat' dir='ltr'><strong>cunr</strong></span> <span class='ocrx_word' id='word_1_99' title='bbox 471 1387 566 1450; x_wconf 88' lang='lat' dir='ltr'><strong>indice</strong></span> <span class='ocrx_word' id='word_1_100' title='bbox 594 1388 677 1450; x_wconf 86' lang='lat' dir='ltr'><strong>lacile</strong></span> <span class='ocrx_word' id='word_1_101' title='bbox 707 1389 912 1463; x_wconf 87' lang='lat' dir='ltr'><strong>conciliantur;</strong></span> <span class='ocrx_word' id='word_1_102' title='bbox 944 1408 1012 1451; x_wconf 90' lang='lat' dir='ltr'><strong>nam</strong></span> <span class='ocrx_word' id='word_1_103' title='bbox 1045 1389 1085 1451; x_wconf 92' lang='lat' dir='ltr'><strong>ita</strong></span> <span class='ocrx_word' id='word_1_104' title='bbox 1112 1389 1245 1453; x_wconf 91' lang='lat' dir='ltr'><strong>alludunt</strong></span> <span class='ocrx_word' id='word_1_105' title='bbox 1267 1393 1303 1454; x_wconf 94' lang='lat' dir='ltr'><strong>ad</strong></span> <span class='ocrx_word' id='word_1_106' title='bbox 1328 1410 1427 1454; x_wconf 91' lang='lat' dir='ltr'><strong>curam</strong></span> <span class='ocrx_word' id='word_1_107' title='bbox 1455 1393 1554 1472; x_wconf 91' lang='lat' dir='ltr'><strong>legum</strong></span> 
     </span>
    </p>
   </div>
   <div class='ocr_carea' id='block_1_5' title="bbox 210 1491 1554 2503">
    <p class='ocr_par' dir='ltr' id='par_1_5' title="bbox 210 1491 1554 2503">
     <span class='ocr_line' id='line_1_11' title="bbox 211 1491 1554 1576; baseline 0.005 -25"><span class='ocrx_word' id='word_1_108' title='bbox 211 1508 394 1572; x_wconf 90' lang='lat' dir='ltr'><strong>morumque,</strong></span> <span class='ocrx_word' id='word_1_109' title='bbox 418 1500 451 1553; x_wconf 93' lang='lat' dir='ltr'><strong>ut</strong></span> <span class='ocrx_word' id='word_1_110' title='bbox 471 1510 503 1552; x_wconf 89' lang='lat' dir='ltr'><strong>re</strong></span> <span class='ocrx_word' id='word_1_111' title='bbox 525 1509 588 1568; x_wconf 81' lang='lat' dir='ltr'><strong>eam</strong></span> <span class='ocrx_word' id='word_1_112' title='bbox 610 1491 713 1554; x_wconf 88' lang='lat' dir='ltr'><strong>Caesar</strong></span> <span class='ocrx_word' id='word_1_113' title='bbox 734 1493 904 1564; x_wconf 86' lang='lat' dir='ltr'><strong>exercuerit,</strong></span> <span class='ocrx_word' id='word_1_114' title='bbox 927 1492 1066 1554; x_wconf 90' lang='lat' dir='ltr'><strong>nimirum</strong></span> <span class='ocrx_word' id='word_1_115' title='bbox 1089 1494 1144 1556; x_wconf 93' lang='lat' dir='ltr'><strong>sub</strong></span> <span class='ocrx_word' id='word_1_116' title='bbox 1166 1495 1252 1558; x_wconf 91' lang='lat' dir='ltr'><strong>titulo</strong></span> <span class='ocrx_word' id='word_1_117' title='bbox 1275 1495 1447 1559; x_wconf 81' lang='lat' dir='ltr'><strong>tribuniciae</strong></span> <span class='ocrx_word' id='word_1_118' title='bbox 1469 1505 1554 1576; x_wconf 91' lang='lat' dir='ltr'><strong>pote·</strong></span> 
     </span>
     <span class='ocr_line' id='line_1_12' title="bbox 211 1594 1552 1676; baseline 0.005 -22"><span class='ocrx_word' id='word_1_119' title='bbox 211 1594 302 1666; x_wconf 89' lang='lat' dir='ltr'><strong>statis,</strong></span> <span class='ocrx_word' id='word_1_120' title='bbox 318 1603 353 1656; x_wconf 93' lang='lat' dir='ltr'><strong>ut</strong></span> <span class='ocrx_word' id='word_1_121' title='bbox 366 1594 585 1675; x_wconf 81' lang='lat' dir='ltr'><strong>ipsedugustus</strong></span> <span class='ocrx_word' id='word_1_122' title='bbox 600 1594 648 1669; x_wconf 93' lang='lat' dir='ltr'><strong>ait,</strong></span> <span class='ocrx_word' id='word_1_123' title='bbox 663 1614 759 1676; x_wconf 90' lang='lat' dir='ltr'><strong>neque</strong></span> <span class='ocrx_word' id='word_1_124' title='bbox 774 1596 946 1676; x_wconf 90' lang='lat' dir='ltr'><strong>impediunt,</strong></span> <span class='ocrx_word' id='word_1_125' title='bbox 961 1597 1119 1675; x_wconf 86' lang='lat' dir='ltr'><strong>quominus</strong></span> <span class='ocrx_word' id='word_1_126' title='bbox 1135 1598 1396 1662; x_wconf 84' lang='lat' dir='ltr'><strong>extraordinarium</strong></span> <span class='ocrx_word' id='word_1_127' title='bbox 1413 1599 1552 1662; x_wconf 87' lang='lat' dir='ltr'><strong>bonorem</strong></span> 
     </span>
     <span class='ocr_line' id='line_1_13' title="bbox 211 1697 1553 1782; baseline 0.006 -26"><span class='ocrx_word' id='word_1_128' title='bbox 211 1697 378 1778; x_wconf 88' lang='lat' dir='ltr'><strong>repudiarit.</strong></span> <span class='ocrx_word' id='word_1_129' title='bbox 411 1699 449 1758; x_wconf 79' lang='lat' dir='ltr'><strong>st</strong></span> <span class='ocrx_word' id='word_1_130' title='bbox 464 1697 622 1760; x_wconf 83' lang='lat' dir='ltr'><strong>Suetonius</strong></span> <span class='ocrx_word' id='word_1_131' title='bbox 644 1708 674 1760; x_wconf 90' lang='lat' dir='ltr'><strong>et</strong></span> <span class='ocrx_word' id='word_1_132' title='bbox 688 1699 740 1760; x_wconf 84' lang='lat' dir='ltr'><strong>llio</strong></span> <span class='ocrx_word' id='word_1_133' title='bbox 763 1708 792 1761; x_wconf 98' lang='lat' dir='ltr'><strong>et</strong></span> <span class='ocrx_word' id='word_1_134' title='bbox 813 1699 889 1770; x_wconf 88' lang='lat' dir='ltr'><strong>inter</strong></span> <span class='ocrx_word' id='word_1_135' title='bbox 911 1719 942 1761; x_wconf 88' lang='lat' dir='ltr'><strong>se</strong></span> <span class='ocrx_word' id='word_1_136' title='bbox 957 1708 1089 1780; x_wconf 80' lang='lat' dir='ltr'><strong>pugnant</strong></span> <span class='ocrx_word' id='word_1_137' title='bbox 1109 1710 1139 1763; x_wconf 93' lang='lat' dir='ltr'><strong>et</strong></span> <span class='ocrx_word' id='word_1_138' title='bbox 1154 1702 1246 1764; x_wconf 90' lang='lat' dir='ltr'><strong>multo</strong></span> <span class='ocrx_word' id='word_1_139' title='bbox 1262 1702 1353 1782; x_wconf 91' lang='lat' dir='ltr'><strong>magis</strong></span> <span class='ocrx_word' id='word_1_140' title='bbox 1367 1721 1434 1764; x_wconf 90' lang='lat' dir='ltr'><strong>cum</strong></span> <span class='ocrx_word' id='word_1_141' title='bbox 1450 1702 1553 1776; x_wconf 91' lang='lat' dir='ltr'><strong>indice,</strong></span> 
     </span>
     <span class='ocr_line' id='line_1_14' title="bbox 211 1797 1553 1887; baseline 0.006 -27"><span class='ocrx_word' id='word_1_142' title='bbox 211 1797 250 1862; x_wconf 91' lang='lat' dir='ltr'><strong>ita</strong></span> <span class='ocrx_word' id='word_1_143' title='bbox 273 1799 395 1879; x_wconf 92' lang='lat' dir='ltr'><strong>utquid</strong></span> <span class='ocrx_word' id='word_1_144' title='bbox 417 1799 447 1860; x_wconf 95' lang='lat' dir='ltr'><strong>in</strong></span> <span class='ocrx_word' id='word_1_145' title='bbox 471 1818 574 1861; x_wconf 91' lang='lat' dir='ltr'><strong>eorum</strong></span> <span class='ocrx_word' id='word_1_146' title='bbox 595 1802 811 1865; x_wconf 88' lang='lat' dir='ltr'><strong>narrationibus</strong></span> <span class='ocrx_word' id='word_1_147' title='bbox 833 1803 892 1864; x_wconf 84' lang='lat' dir='ltr'><strong>veri</strong></span> <span class='ocrx_word' id='word_1_148' title='bbox 915 1804 1000 1865; x_wconf 88' lang='lat' dir='ltr'><strong>lateat</strong></span> <span class='ocrx_word' id='word_1_149' title='bbox 1021 1803 1068 1864; x_wconf 84' lang='lat' dir='ltr'><strong>vin</strong></span> <span class='ocrx_word' id='word_1_150' title='bbox 1083 1823 1230 1884; x_wconf 89' lang='lat' dir='ltr'><strong>agnoscas.</strong></span> <span class='ocrx_word' id='word_1_151' title='bbox 1262 1805 1367 1868; x_wconf 85' lang='lat' dir='ltr'><strong>Curam</strong></span> <span class='ocrx_word' id='word_1_152' title='bbox 1383 1815 1553 1887; x_wconf 90' lang='lat' dir='ltr'><strong>perpetuam</strong></span> 
     </span>
     <span class='ocr_line' id='line_1_15' title="bbox 210 1902 1552 1989; baseline 0.006 -25"><span class='ocrx_word' id='word_1_153' title='bbox 210 1902 301 1965; x_wconf 88' lang='lat' dir='ltr'><strong>luisse</strong></span> <span class='ocrx_word' id='word_1_154' title='bbox 324 1902 482 1965; x_wconf 85' lang='lat' dir='ltr'><strong>Suetonius</strong></span> <span class='ocrx_word' id='word_1_155' title='bbox 504 1905 661 1978; x_wconf 80' lang='lat' dir='ltr'><strong>contendit,</strong></span> <span class='ocrx_word' id='word_1_156' title='bbox 685 1904 737 1967; x_wconf 87' lang='lat' dir='ltr'><strong>Dio</strong></span> <span class='ocrx_word' id='word_1_157' title='bbox 760 1906 856 1968; x_wconf 72' lang='lat' dir='ltr'><strong>damur</strong></span> <span class='ocrx_word' id='word_1_158' title='bbox 878 1924 943 1967; x_wconf 89' lang='lat' dir='ltr'><strong>esse</strong></span> <span class='ocrx_word' id='word_1_159' title='bbox 964 1905 1095 1986; x_wconf 75' lang='lat' dir='ltr'><strong>Augusto</strong></span> <span class='ocrx_word' id='word_1_160' title='bbox 1117 1927 1142 1969; x_wconf 91' lang='lat' dir='ltr'><strong>a.</strong></span> <span class='ocrx_word' id='word_1_161' title='bbox 1166 1909 1226 1970; x_wconf 87' lang='lat'><strong>735</strong></span> <span class='ocrx_word' id='word_1_162' title='bbox 1249 1908 1279 1970; x_wconf 94' lang='lat' dir='ltr'><strong>in</strong></span> <span class='ocrx_word' id='word_1_163' title='bbox 1307 1909 1552 1989; x_wconf 86' lang='lat' dir='ltr'><strong>quinquennium,</strong></span> 
     </span>
     <span class='ocr_line' id='line_1_16' title="bbox 211 2005 1551 2093; baseline 0.004 -25"><span class='ocrx_word' id='word_1_164' title='bbox 211 2005 314 2068; x_wconf 90' lang='lat' dir='ltr'><strong>deinde</strong></span> <span class='ocrx_word' id='word_1_165' title='bbox 336 2025 360 2067; x_wconf 91' lang='lat' dir='ltr'><strong>a.</strong></span> <span class='ocrx_word' id='word_1_166' title='bbox 378 2006 436 2066; x_wconf 83' lang='lat'><strong>741</strong></span> <span class='ocrx_word' id='word_1_167' title='bbox 461 2006 491 2068; x_wconf 91' lang='lat' dir='ltr'><strong>in</strong></span> <span class='ocrx_word' id='word_1_168' title='bbox 514 2007 637 2069; x_wconf 90' lang='lat' dir='ltr'><strong>alterum</strong></span> <span class='ocrx_word' id='word_1_169' title='bbox 660 2007 903 2089; x_wconf 84' lang='lat' dir='ltr'><strong>quinquennium,</strong></span> <span class='ocrx_word' id='word_1_170' title='bbox 927 2009 1080 2072; x_wconf 91' lang='lat' dir='ltr'><strong>demedio</strong></span> <span class='ocrx_word' id='word_1_171' title='bbox 1107 2019 1237 2092; x_wconf 90' lang='lat' dir='ltr'><strong>tempore</strong></span> <span class='ocrx_word' id='word_1_172' title='bbox 1265 2031 1369 2093; x_wconf 89' lang='lat' dir='ltr'><strong>parum</strong></span> <span class='ocrx_word' id='word_1_173' title='bbox 1396 2012 1551 2088; x_wconf 80' lang='lat' dir='ltr'><strong>sollicitus3</strong></span> 
     </span>
     <span class='ocr_line' id='line_1_17' title="bbox 211 2108 1554 2198; baseline 0.005 -28"><span class='ocrx_word' id='word_1_174' title='bbox 211 2109 268 2170; x_wconf 88' lang='lat' dir='ltr'><strong>iam</strong></span> <span class='ocrx_word' id='word_1_175' title='bbox 284 2108 433 2188; x_wconf 77' lang='lat' dir='ltr'><strong>Augustus</strong></span> <span class='ocrx_word' id='word_1_176' title='bbox 449 2110 550 2172; x_wconf 90' lang='lat' dir='ltr'><strong>scribit</strong></span> <span class='ocrx_word' id='word_1_177' title='bbox 565 2129 627 2172; x_wconf 90' lang='lat' dir='ltr'><strong>cam</strong></span> <span class='ocrx_word' id='word_1_178' title='bbox 644 2130 744 2174; x_wconf 90' lang='lat' dir='ltr'><strong>curam</strong></span> <span class='ocrx_word' id='word_1_179' title='bbox 760 2121 806 2174; x_wconf 92' lang='lat' dir='ltr'><strong>ter</strong></span> <span class='ocrx_word' id='word_1_180' title='bbox 819 2112 875 2174; x_wconf 93' lang='lat' dir='ltr'><strong>sibi</strong></span> <span class='ocrx_word' id='word_1_181' title='bbox 895 2113 1023 2175; x_wconf 88' lang='lat' dir='ltr'><strong>oblatum</strong></span> <span class='ocrx_word' id='word_1_182' title='bbox 1044 2133 1118 2188; x_wconf 89' lang='lat' dir='ltr'><strong>esse,</strong></span> <span class='ocrx_word' id='word_1_183' title='bbox 1140 2116 1268 2198; x_wconf 90' lang='lat' dir='ltr'><strong>primum</strong></span> <span class='ocrx_word' id='word_1_184' title='bbox 1292 2136 1317 2178; x_wconf 89' lang='lat' dir='ltr'><strong>a.</strong></span> <span class='ocrx_word' id='word_1_185' title='bbox 1334 2115 1396 2177; x_wconf 86' lang='grc'><strong>735</strong></span> <span class='ocrx_word' id='word_1_186' title='bbox 1418 2115 1554 2178; x_wconf 80' lang='lat' dir='ltr'><strong>semestri</strong></span> 
     </span>
     <span class='ocr_line' id='line_1_18' title="bbox 212 2211 1553 2301; baseline 0.007 -28"><span class='ocrx_word' id='word_1_187' title='bbox 212 2211 348 2287; x_wconf 76' lang='lat' dir='ltr'><strong>saccum,</strong></span> <span class='ocrx_word' id='word_1_188' title='bbox 382 2213 488 2275; x_wconf 90' lang='lat' dir='ltr'><strong>iterum</strong></span> <span class='ocrx_word' id='word_1_189' title='bbox 521 2233 598 2276; x_wconf 90' lang='lat' dir='ltr'><strong>anno</strong></span> <span class='ocrx_word' id='word_1_190' title='bbox 632 2224 781 2295; x_wconf 89' lang='lat' dir='ltr'><strong>sequente,</strong></span> <span class='ocrx_word' id='word_1_191' title='bbox 815 2215 933 2277; x_wconf 90' lang='lat' dir='ltr'><strong>tertium</strong></span> <span class='ocrx_word' id='word_1_192' title='bbox 962 2237 987 2279; x_wconf 92' lang='lat' dir='ltr'><strong>a.</strong></span> <span class='ocrx_word' id='word_1_193' title='bbox 1008 2218 1085 2292; x_wconf 75' lang='lat'><strong>743,</strong></span> <span class='ocrx_word' id='word_1_194' title='bbox 1112 2219 1142 2280; x_wconf 95' lang='lat' dir='ltr'><strong>in</strong></span> <span class='ocrx_word' id='word_1_195' title='bbox 1169 2219 1276 2301; x_wconf 88' lang='lat' dir='ltr'><strong>quibus</strong></span> <span class='ocrx_word' id='word_1_196' title='bbox 1305 2220 1389 2282; x_wconf 92' lang='lat' dir='ltr'><strong>annis</strong></span> <span class='ocrx_word' id='word_1_197' title='bbox 1411 2220 1553 2282; x_wconf 87' lang='lat' dir='ltr'><strong>elementa</strong></span> 
     </span>
     <span class='ocr_line' id='line_1_19' title="bbox 211 2316 1553 2402; baseline 0.006 -25"><span class='ocrx_word' id='word_1_198' title='bbox 211 2316 350 2396; x_wconf 87' lang='lat' dir='ltr'><strong>quaedam</strong></span> <span class='ocrx_word' id='word_1_199' title='bbox 374 2317 549 2380; x_wconf 88' lang='lat' dir='ltr'><strong>narrationis</strong></span> <span class='ocrx_word' id='word_1_200' title='bbox 571 2317 723 2381; x_wconf 83' lang='lat' dir='ltr'><strong>Cassianae</strong></span> <span class='ocrx_word' id='word_1_201' title='bbox 744 2319 1012 2399; x_wconf 90' lang='lat' dir='ltr'><strong>deprehenduntur.</strong></span> <span class='ocrx_word' id='word_1_202' title='bbox 1056 2320 1150 2383; x_wconf 86' lang='lat' dir='ltr'><strong>Etiam</strong></span> <span class='ocrx_word' id='word_1_203' title='bbox 1173 2323 1251 2402; x_wconf 91' lang='lat' dir='ltr'><strong>quod</strong></span> <span class='ocrx_word' id='word_1_204' title='bbox 1273 2321 1374 2385; x_wconf 90' lang='lat' dir='ltr'><strong>scribit</strong></span> <span class='ocrx_word' id='word_1_205' title='bbox 1395 2322 1553 2385; x_wconf 91' lang='lat' dir='ltr'><strong>Suetonius</strong></span> 
     </span>
     <span class='ocr_line' id='line_1_20' title="bbox 211 2420 1553 2503; baseline 0.005 -22"><span class='ocrx_word' id='word_1_206' title='bbox 211 2420 273 2481; x_wconf 91' lang='lat' dir='ltr'><strong>eius</strong></span> <span class='ocrx_word' id='word_1_207' title='bbox 295 2438 381 2482; x_wconf 89' lang='lat' dir='ltr'><strong>curae</strong></span> <span class='ocrx_word' id='word_1_208' title='bbox 403 2420 466 2482; x_wconf 93' lang='lat' dir='ltr'><strong>iure</strong></span> <span class='ocrx_word' id='word_1_209' title='bbox 489 2430 621 2483; x_wconf 84' lang='lat' dir='ltr'><strong>tersum</strong></span> <span class='ocrx_word' id='word_1_210' title='bbox 644 2440 767 2483; x_wconf 88' lang='lat' dir='ltr'><strong>censum</strong></span> <span class='ocrx_word' id='word_1_211' title='bbox 789 2421 891 2501; x_wconf 83' lang='lat' dir='ltr'><strong>egisse,</strong></span> <span class='ocrx_word' id='word_1_212' title='bbox 915 2425 1131 2503; x_wconf 90' lang='lat' dir='ltr'><strong>quodammodo</strong></span> <span class='ocrx_word' id='word_1_213' title='bbox 1153 2426 1342 2488; x_wconf 90' lang='lat' dir='ltr'><strong>coniunctum</strong></span> <span class='ocrx_word' id='word_1_214' title='bbox 1359 2426 1553 2489; x_wconf 85' lang='lat' dir='ltr'><strong>videturesse</strong></span> 
     </span>
    </p>
   </div>
   <div class='ocr_carea' id='block_1_6' title="bbox 210 2524 1644 2610">
    <p class='ocr_par' dir='ltr' id='par_1_6' title="bbox 210 2524 1644 2610">
     <span class='ocr_line' id='line_1_21' title="bbox 210 2524 1644 2610; baseline 0.005 -26"><span class='ocrx_word' id='word_1_215' title='bbox 210 2541 269 2585; x_wconf 87' lang='lat' dir='ltr'><strong>non</strong></span> <span class='ocrx_word' id='word_1_216' title='bbox 295 2525 391 2587; x_wconf 90' lang='lat' dir='ltr'><strong>solum</strong></span> <span class='ocrx_word' id='word_1_217' title='bbox 418 2543 486 2587; x_wconf 91' lang='lat' dir='ltr'><strong>curn</strong></span> <span class='ocrx_word' id='word_1_218' title='bbox 515 2524 608 2586; x_wconf 77' lang='lat' dir='ltr'><strong>uibus</strong></span> <span class='ocrx_word' id='word_1_219' title='bbox 635 2524 770 2588; x_wconf 88' lang='lat' dir='ltr'><strong>censibus</strong></span> <span class='ocrx_word' id='word_1_220' title='bbox 797 2544 863 2587; x_wconf 88' lang='lat' dir='ltr'><strong>vere</strong></span> <span class='ocrx_word' id='word_1_221' title='bbox 892 2526 928 2588; x_wconf 92' lang='lat' dir='ltr'><strong>ab</strong></span> <span class='ocrx_word' id='word_1_222' title='bbox 949 2529 1081 2607; x_wconf 80' lang='lat' dir='ltr'><strong>Augusto</strong></span> <span class='ocrx_word' id='word_1_223' title='bbox 1107 2529 1190 2591; x_wconf 87' lang='lat' dir='ltr'><strong>lactis</strong></span> <span class='ocrx_word' id='word_1_224' title='bbox 1212 2529 1251 2610; x_wconf 89' lang='lat' dir='ltr'><strong>(r.</strong></span> <span class='ocrx_word' id='word_1_225' title='bbox 1267 2548 1295 2610; x_wconf 89' lang='lat' dir='ltr'><strong>p.</strong></span> <span class='ocrx_word' id='word_1_226' title='bbox 1311 2528 1375 2608; x_wconf 86' lang='grc'><strong>36),</strong></span> <span class='ocrx_word' id='word_1_227' title='bbox 1402 2529 1452 2591; x_wconf 91' lang='lat' dir='ltr'><strong>sed</strong></span> <span class='ocrx_word' id='word_1_228' title='bbox 1481 2529 1551 2590; x_wconf 90' lang='lat' dir='ltr'><strong>item</strong></span> <span class='ocrx_word' id='word_1_229' title='bbox 1637 2595 1644 2608; x_wconf 61' lang='lat'>‚</span> 
     </span>
    </p>
   </div>
   <div class='ocr_carea' id='block_1_7' title="bbox 207 2627 1553 4880">
    <p class='ocr_par' dir='ltr' id='par_1_7' title="bbox 207 2627 1553 4880">
     <span class='ocr_line' id='line_1_22' title="bbox 211 2627 1553 2710; baseline 0.004 -23"><span class='ocrx_word' id='word_1_230' title='bbox 211 2645 277 2688; x_wconf 86' lang='lat' dir='ltr'><strong>cunr</strong></span> <span class='ocrx_word' id='word_1_231' title='bbox 300 2627 375 2689; x_wconf 92' lang='lat' dir='ltr'><strong>trina</strong></span> <span class='ocrx_word' id='word_1_232' title='bbox 397 2627 444 2689; x_wconf 91' lang='lat' dir='ltr'><strong>illa</strong></span> <span class='ocrx_word' id='word_1_233' title='bbox 464 2645 550 2690; x_wconf 90' lang='lat' dir='ltr'><strong>curae</strong></span> <span class='ocrx_word' id='word_1_234' title='bbox 566 2627 727 2703; x_wconf 86' lang='lat' dir='ltr'><strong>oblationc;</strong></span> <span class='ocrx_word' id='word_1_235' title='bbox 748 2628 798 2691; x_wconf 90' lang='lat' dir='ltr'><strong>sed</strong></span> <span class='ocrx_word' id='word_1_236' title='bbox 813 2628 843 2690; x_wconf 93' lang='lat' dir='ltr'><strong>id</strong></span> <span class='ocrx_word' id='word_1_237' title='bbox 859 2638 892 2691; x_wconf 95' lang='lat' dir='ltr'><strong>ut</strong></span> <span class='ocrx_word' id='word_1_238' title='bbox 906 2629 1071 2710; x_wconf 82' lang='lat' dir='ltr'><strong>largiamur,</strong></span> <span class='ocrx_word' id='word_1_239' title='bbox 1093 2631 1129 2694; x_wconf 92' lang='lat' dir='ltr'><strong>ad</strong></span> <span class='ocrx_word' id='word_1_240' title='bbox 1144 2632 1272 2696; x_wconf 81' lang='lat' dir='ltr'><strong>veritatis</strong></span> <span class='ocrx_word' id='word_1_241' title='bbox 1289 2631 1436 2693; x_wconf 91' lang='lat' dir='ltr'><strong>modicum</strong></span> <span class='ocrx_word' id='word_1_242' title='bbox 1451 2641 1553 2694; x_wconf 92' lang='lat' dir='ltr'><strong>auctor</strong></span> 
     </span>
     <span class='ocr_line' id='line_1_23' title="bbox 210 2730 1552 2816; baseline 0.003 -24"><span class='ocrx_word' id='word_1_243' title='bbox 210 2731 365 2793; x_wconf 88' lang='lat' dir='ltr'><strong>admiscuit</strong></span> <span class='ocrx_word' id='word_1_244' title='bbox 391 2730 576 2812; x_wconf 88' lang='lat' dir='ltr'><strong>gravissimos</strong></span> <span class='ocrx_word' id='word_1_245' title='bbox 602 2750 729 2794; x_wconf 86' lang='lat' dir='ltr'><strong>errores:</strong></span> <span class='ocrx_word' id='word_1_246' title='bbox 757 2731 898 2794; x_wconf 90' lang='lat' dir='ltr'><strong>nimirum</strong></span> <span class='ocrx_word' id='word_1_247' title='bbox 929 2751 1035 2795; x_wconf 90' lang='lat' dir='ltr'><strong>census</strong></span> <span class='ocrx_word' id='word_1_248' title='bbox 1063 2733 1127 2796; x_wconf 92' lang='lat' dir='ltr'><strong>illos</strong></span> <span class='ocrx_word' id='word_1_249' title='bbox 1152 2735 1245 2816; x_wconf 90' lang='lat' dir='ltr'><strong>egisse</strong></span> <span class='ocrx_word' id='word_1_250' title='bbox 1267 2735 1381 2816; x_wconf 93' lang='lat' dir='ltr'><strong>seipse</strong></span> <span class='ocrx_word' id='word_1_251' title='bbox 1403 2734 1552 2814; x_wconf 77' lang='lat' dir='ltr'><strong>Augustus</strong></span> 
     </span>
     <span class='ocr_line' id='line_1_24' title="bbox 211 2833 1552 2920; baseline 0.003 -25"><span class='ocrx_word' id='word_1_252' title='bbox 211 2833 311 2897; x_wconf 92' lang='lat' dir='ltr'><strong>scribit</strong></span> <span class='ocrx_word' id='word_1_253' title='bbox 340 2844 391 2898; x_wconf 92' lang='lat' dir='ltr'><strong>aut</strong></span> <span class='ocrx_word' id='word_1_254' title='bbox 411 2835 560 2898; x_wconf 91' lang='lat' dir='ltr'><strong>consulem</strong></span> <span class='ocrx_word' id='word_1_255' title='bbox 583 2844 634 2898; x_wconf 91' lang='lat' dir='ltr'><strong>aut</strong></span> <span class='ocrx_word' id='word_1_256' title='bbox 655 2835 719 2897; x_wconf 90' lang='lat' dir='ltr'><strong>iure</strong></span> <span class='ocrx_word' id='word_1_257' title='bbox 741 2835 895 2909; x_wconf 87' lang='lat' dir='ltr'><strong>consulari,</strong></span> <span class='ocrx_word' id='word_1_258' title='bbox 917 2855 1011 2917; x_wconf 89' lang='lat' dir='ltr'><strong>neque</strong></span> <span class='ocrx_word' id='word_1_259' title='bbox 1034 2838 1092 2899; x_wconf 94' lang='lat' dir='ltr'><strong>ullo</strong></span> <span class='ocrx_word' id='word_1_260' title='bbox 1115 2837 1202 2898; x_wconf 90' lang='lat' dir='ltr'><strong>modo</strong></span> <span class='ocrx_word' id='word_1_261' title='bbox 1216 2854 1266 2899; x_wconf 92' lang='lat' dir='ltr'><strong>eos</strong></span> <span class='ocrx_word' id='word_1_262' title='bbox 1282 2856 1365 2918; x_wconf 88' lang='lat' dir='ltr'><strong>agere</strong></span> <span class='ocrx_word' id='word_1_263' title='bbox 1380 2838 1475 2920; x_wconf 92' lang='lat' dir='ltr'><strong>potuit</strong></span> <span class='ocrx_word' id='word_1_264' title='bbox 1489 2837 1552 2899; x_wconf 92' lang='lat' dir='ltr'><strong>iure</strong></span> 
     </span>
     <span class='ocr_line' id='line_1_25' title="bbox 211 2938 1552 3020; baseline 0.002 -22"><span class='ocrx_word' id='word_1_265' title='bbox 211 2955 296 2999; x_wconf 91' lang='lat' dir='ltr'><strong>curae</strong></span> <span class='ocrx_word' id='word_1_266' title='bbox 310 2956 395 3018; x_wconf 91' lang='lat' dir='ltr'><strong>quarn</strong></span> <span class='ocrx_word' id='word_1_267' title='bbox 412 2957 471 3000; x_wconf 91' lang='lat' dir='ltr'><strong>non</strong></span> <span class='ocrx_word' id='word_1_268' title='bbox 501 2938 625 3019; x_wconf 91' lang='lat' dir='ltr'><strong>accepit,</strong></span> <span class='ocrx_word' id='word_1_269' title='bbox 650 2957 748 3020; x_wconf 92' lang='lat' dir='ltr'><strong>neque</strong></span> <span class='ocrx_word' id='word_1_270' title='bbox 777 2939 901 3020; x_wconf 90' lang='lat' dir='ltr'><strong>denique</strong></span> <span class='ocrx_word' id='word_1_271' title='bbox 933 2959 1074 3003; x_wconf 87' lang='lat' dir='ltr'><strong>censuum</strong></span> <span class='ocrx_word' id='word_1_272' title='bbox 1104 2939 1195 3002; x_wconf 91' lang='lat' dir='ltr'><strong>trium</strong></span> <span class='ocrx_word' id='word_1_273' title='bbox 1217 2940 1286 3001; x_wconf 90' lang='lat' dir='ltr'><strong>anni</strong></span> <span class='ocrx_word' id='word_1_274' title='bbox 1309 2939 1379 3002; x_wconf 86' lang='grc'><strong>726.</strong></span> <span class='ocrx_word' id='word_1_275' title='bbox 1396 2940 1466 3003; x_wconf 88' lang='grc'><strong>746.</strong></span> <span class='ocrx_word' id='word_1_276' title='bbox 1491 2941 1552 3002; x_wconf 84' lang='grc'><strong>767</strong></span> 
     </span>
     <span class='ocr_line' id='line_1_26' title="bbox 210 3040 1552 3124; baseline 0.003 -22"><span class='ocrx_word' id='word_1_277' title='bbox 210 3040 245 3102; x_wconf 87' lang='lat' dir='ltr'><strong>ad</strong></span> <span class='ocrx_word' id='word_1_278' title='bbox 271 3059 371 3103; x_wconf 88' lang='lat' dir='ltr'><strong>curam</strong></span> <span class='ocrx_word' id='word_1_279' title='bbox 393 3041 489 3122; x_wconf 89' lang='lat' dir='ltr'><strong>legum</strong></span> <span class='ocrx_word' id='word_1_280' title='bbox 513 3042 572 3104; x_wconf 92' lang='lat' dir='ltr'><strong>ullo</strong></span> <span class='ocrx_word' id='word_1_281' title='bbox 594 3042 680 3104; x_wconf 90' lang='lat' dir='ltr'><strong>modo</strong></span> <span class='ocrx_word' id='word_1_282' title='bbox 702 3041 859 3123; x_wconf 90' lang='lat' dir='ltr'><strong>pertinent.</strong></span> <span class='ocrx_word' id='word_1_283' title='bbox 881 3079 922 3089; x_wconf 97' lang='lat'>—</span> <span class='ocrx_word' id='word_1_284' title='bbox 945 3043 997 3105; x_wconf 91' lang='lat' dir='ltr'><strong>His</strong></span> <span class='ocrx_word' id='word_1_285' title='bbox 1018 3043 1107 3124; x_wconf 87' lang='lat' dir='ltr'><strong>igitur</strong></span> <span class='ocrx_word' id='word_1_286' title='bbox 1129 3041 1226 3104; x_wconf 91' lang='lat' dir='ltr'><strong>missis</strong></span> <span class='ocrx_word' id='word_1_287' title='bbox 1252 3043 1446 3124; x_wconf 88' lang='lat' dir='ltr'><strong>posteriorum</strong></span> <span class='ocrx_word' id='word_1_288' title='bbox 1469 3062 1552 3106; x_wconf 87' lang='lat' dir='ltr'><strong>com·-</strong></span> 
     </span>
     <span class='ocr_line' id='line_1_27' title="bbox 211 3143 1551 3228; baseline 0.004 -24"><span class='ocrx_word' id='word_1_289' title='bbox 211 3143 317 3206; x_wconf 88' lang='lat' dir='ltr'><strong>mentis</strong></span> <span class='ocrx_word' id='word_1_290' title='bbox 339 3145 397 3207; x_wconf 90' lang='lat' dir='ltr'><strong>duo</strong></span> <span class='ocrx_word' id='word_1_291' title='bbox 420 3155 490 3207; x_wconf 90' lang='lat' dir='ltr'><strong>sunt</strong></span> <span class='ocrx_word' id='word_1_292' title='bbox 510 3164 584 3225; x_wconf 90' lang='lat' dir='ltr'><strong>quae</strong></span> <span class='ocrx_word' id='word_1_293' title='bbox 606 3154 718 3208; x_wconf 87' lang='lat' dir='ltr'><strong>restant</strong></span> <span class='ocrx_word' id='word_1_294' title='bbox 738 3147 935 3227; x_wconf 80' lang='lat' dir='ltr'><strong>expendenda,</strong></span> <span class='ocrx_word' id='word_1_295' title='bbox 959 3146 1069 3208; x_wconf 89' lang='lat' dir='ltr'><strong>scilicet</strong></span> <span class='ocrx_word' id='word_1_296' title='bbox 1089 3146 1183 3227; x_wconf 91' lang='lat' dir='ltr'><strong>qualis</strong></span> <span class='ocrx_word' id='word_1_297' title='bbox 1198 3165 1261 3207; x_wconf 90' lang='lat' dir='ltr'><strong>esse</strong></span> <span class='ocrx_word' id='word_1_298' title='bbox 1276 3145 1409 3209; x_wconf 85' lang='lat' dir='ltr'><strong>debuerit</strong></span> <span class='ocrx_word' id='word_1_299' title='bbox 1422 3156 1551 3228; x_wconf 90' lang='lat' dir='ltr'><strong>potestas</strong></span> 
     </span>
     <span class='ocr_line' id='line_1_28' title="bbox 210 3245 1552 3330; baseline 0.005 -23"><span class='ocrx_word' id='word_1_300' title='bbox 210 3245 257 3308; x_wconf 90' lang='lat' dir='ltr'><strong>illa</strong></span> <span class='ocrx_word' id='word_1_301' title='bbox 281 3255 383 3310; x_wconf 87' lang='lat' dir='ltr'><strong>contra</strong></span> <span class='ocrx_word' id='word_1_302' title='bbox 410 3247 520 3328; x_wconf 89' lang='lat' dir='ltr'><strong>patrios</strong></span> <span class='ocrx_word' id='word_1_303' title='bbox 548 3266 645 3309; x_wconf 89' lang='lat' dir='ltr'><strong>mores</strong></span> <span class='ocrx_word' id='word_1_304' title='bbox 673 3249 830 3312; x_wconf 90' lang='lat' dir='ltr'><strong>constituta</strong></span> <span class='ocrx_word' id='word_1_305' title='bbox 857 3257 887 3311; x_wconf 91' lang='lat' dir='ltr'><strong>et</strong></span> <span class='ocrx_word' id='word_1_306' title='bbox 917 3259 1069 3330; x_wconf 91' lang='lat' dir='ltr'><strong>propterea</strong></span> <span class='ocrx_word' id='word_1_307' title='bbox 1103 3248 1139 3309; x_wconf 91' lang='lat' dir='ltr'><strong>ab</strong></span> <span class='ocrx_word' id='word_1_308' title='bbox 1167 3250 1298 3327; x_wconf 77' lang='lat' dir='ltr'><strong>Augusto</strong></span> <span class='ocrx_word' id='word_1_309' title='bbox 1331 3250 1495 3330; x_wconf 87' lang='lat' dir='ltr'><strong>repudiata,</strong></span> <span class='ocrx_word' id='word_1_310' title='bbox 1522 3260 1552 3314; x_wconf 92' lang='lat' dir='ltr'><strong>et</strong></span> 
     </span>
     <span class='ocr_line' id='line_1_29' title="bbox 210 3350 1552 3430; baseline 0.004 -20"><span class='ocrx_word' id='word_1_311' title='bbox 210 3368 352 3430; x_wconf 89' lang='lat' dir='ltr'><strong>quaenam</strong></span> <span class='ocrx_word' id='word_1_312' title='bbox 379 3350 491 3413; x_wconf 90' lang='lat' dir='ltr'><strong>occasio</strong></span> <span class='ocrx_word' id='word_1_313' title='bbox 520 3351 608 3413; x_wconf 85' lang='lat' dir='ltr'><strong>luerit</strong></span> <span class='ocrx_word' id='word_1_314' title='bbox 641 3351 703 3414; x_wconf 89' lang='lat' dir='ltr'><strong>eius</strong></span> <span class='ocrx_word' id='word_1_315' title='bbox 737 3353 908 3415; x_wconf 81' lang='lat' dir='ltr'><strong>offerendae.</strong></span> <span class='ocrx_word' id='word_1_316' title='bbox 951 3352 1007 3415; x_wconf 90' lang='lat' dir='ltr'><strong>Sed</strong></span> <span class='ocrx_word' id='word_1_317' title='bbox 1040 3351 1122 3413; x_wconf 91' lang='lat' dir='ltr'><strong>illum</strong></span> <span class='ocrx_word' id='word_1_318' title='bbox 1155 3351 1251 3413; x_wconf 92' lang='lat' dir='ltr'><strong>locum</strong></span> <span class='ocrx_word' id='word_1_319' title='bbox 1285 3371 1352 3415; x_wconf 92' lang='lat' dir='ltr'><strong>cum</strong></span> <span class='ocrx_word' id='word_1_320' title='bbox 1385 3353 1452 3415; x_wconf 91' lang='lat' dir='ltr'><strong>alibi</strong></span> <span class='ocrx_word' id='word_1_321' title='bbox 1480 3353 1552 3416; x_wconf 88' lang='lat' dir='ltr'><strong>satis</strong></span> 
     </span>
     <span class='ocr_line' id='line_1_30' title="bbox 210 3451 1552 3537; baseline 0.003 -23"><span class='ocrx_word' id='word_1_322' title='bbox 210 3454 356 3515; x_wconf 76' lang='lat' dir='ltr'><strong>moerin</strong></span> <span class='ocrx_word' id='word_1_323' title='bbox 372 3453 558 3535; x_wconf 84' lang='lat' dir='ltr'><strong>(Stootsrecbt</strong></span> <span class='ocrx_word' id='word_1_324' title='bbox 572 3451 612 3514; x_wconf 75' lang='lat'><strong>2²</strong></span> <span class='ocrx_word' id='word_1_325' title='bbox 626 3474 654 3535; x_wconf 89' lang='lat' dir='ltr'><strong>p.</strong></span> <span class='ocrx_word' id='word_1_326' title='bbox 671 3454 812 3537; x_wconf 79' lang='lat' dir='ltr'><strong>ososeq.)</strong></span> <span class='ocrx_word' id='word_1_327' title='bbox 835 3455 1071 3535; x_wconf 87' lang='lat' dir='ltr'><strong>ostenderimque</strong></span> <span class='ocrx_word' id='word_1_328' title='bbox 1081 3473 1155 3516; x_wconf 82' lang='lat' dir='ltr'><strong>eam</strong></span> <span class='ocrx_word' id='word_1_329' title='bbox 1178 3474 1194 3516; x_wconf 98' lang='lat' dir='ltr'><strong>a</strong></span> <span class='ocrx_word' id='word_1_330' title='bbox 1216 3455 1410 3518; x_wconf 87' lang='lat' dir='ltr'><strong>decemviratu</strong></span> <span class='ocrx_word' id='word_1_331' title='bbox 1427 3457 1552 3519; x_wconf 92' lang='lat' dir='ltr'><strong>dictatu-</strong></span> 
     </span>
     <span class='ocr_line' id='line_1_31' title="bbox 209 3555 1552 3641; baseline 0.002 -24"><span class='ocrx_word' id='word_1_332' title='bbox 209 3573 298 3636; x_wconf 89' lang='lat' dir='ltr'><strong>raqoe</strong></span> <span class='ocrx_word' id='word_1_333' title='bbox 324 3556 396 3635; x_wconf 90' lang='lat' dir='ltr'><strong>legis</strong></span> <span class='ocrx_word' id='word_1_334' title='bbox 418 3555 545 3636; x_wconf 76' lang='lat' dir='ltr'><strong>llaleriae</strong></span> <span class='ocrx_word' id='word_1_335' title='bbox 568 3557 684 3619; x_wconf 86' lang='lat' dir='ltr'><strong>Sullana</strong></span> <span class='ocrx_word' id='word_1_336' title='bbox 711 3558 912 3641; x_wconf 90' lang='lat' dir='ltr'><strong>similibusque</strong></span> <span class='ocrx_word' id='word_1_337' title='bbox 940 3558 1133 3640; x_wconf 87' lang='lat' dir='ltr'><strong>potestatibus</strong></span> <span class='ocrx_word' id='word_1_338' title='bbox 1158 3559 1276 3620; x_wconf 90' lang='lat' dir='ltr'><strong>nomine</strong></span> <span class='ocrx_word' id='word_1_339' title='bbox 1299 3559 1389 3640; x_wconf 87' lang='lat' dir='ltr'><strong>magis</strong></span> <span class='ocrx_word' id='word_1_340' title='bbox 1409 3579 1497 3641; x_wconf 89' lang='lat' dir='ltr'><strong>quam</strong></span> <span class='ocrx_word' id='word_1_341' title='bbox 1520 3579 1552 3620; x_wconf 92' lang='lat' dir='ltr'><strong>re</strong></span> 
     </span>
     <span class='ocr_line' id='line_1_32' title="bbox 210 3658 1552 3741; baseline 0.003 -21"><span class='ocrx_word' id='word_1_342' title='bbox 210 3658 333 3734; x_wconf 81' lang='lat' dir='ltr'><strong>differre,</strong></span> <span class='ocrx_word' id='word_1_343' title='bbox 357 3660 429 3722; x_wconf 90' lang='lat' dir='ltr'><strong>alter</strong></span> <span class='ocrx_word' id='word_1_344' title='bbox 451 3669 585 3740; x_wconf 87' lang='lat' dir='ltr'><strong>superest</strong></span> <span class='ocrx_word' id='word_1_345' title='bbox 607 3660 642 3720; x_wconf 96' lang='lat' dir='ltr'><strong>de</strong></span> <span class='ocrx_word' id='word_1_346' title='bbox 664 3680 749 3723; x_wconf 90' lang='lat' dir='ltr'><strong>causa</strong></span> <span class='ocrx_word' id='word_1_347' title='bbox 772 3662 921 3724; x_wconf 83' lang='lat' dir='ltr'><strong>offerendi.</strong></span> <span class='ocrx_word' id='word_1_348' title='bbox 957 3661 1027 3723; x_wconf 80' lang='lat' dir='ltr'><strong>llam</strong></span> <span class='ocrx_word' id='word_1_349' title='bbox 1051 3661 1093 3723; x_wconf 93' lang='lat' dir='ltr'><strong>sic</strong></span> <span class='ocrx_word' id='word_1_350' title='bbox 1114 3665 1173 3723; x_wconf 87' lang='lat' dir='ltr'><strong>iere</strong></span> <span class='ocrx_word' id='word_1_351' title='bbox 1195 3662 1314 3724; x_wconf 89' lang='lat' dir='ltr'><strong>tradidit</strong></span> <span class='ocrx_word' id='word_1_352' title='bbox 1335 3662 1388 3723; x_wconf 85' lang='lat' dir='ltr'><strong>llio</strong></span> <span class='ocrx_word' id='word_1_353' title='bbox 1409 3664 1472 3741; x_wconf 88' lang='grc'><strong>(54,</strong></span> <span class='ocrx_word' id='word_1_354' title='bbox 1497 3663 1552 3738; x_wconf 81' lang='grc' dir='ltr'><strong>1ος</strong></span> 
     </span>
     <span class='ocr_line' id='line_1_33' title="bbox 209 3761 1551 3845; baseline 0.001 -21"><span class='ocrx_word' id='word_1_355' title='bbox 209 3765 245 3824; x_wconf 87' lang='lat' dir='ltr'><strong>ci.</strong></span> <span class='ocrx_word' id='word_1_356' title='bbox 266 3761 315 3837; x_wconf 82' lang='lat'><strong>53,</strong></span> <span class='ocrx_word' id='word_1_357' title='bbox 336 3762 391 3835; x_wconf 93' lang='grc'><strong>24,</strong></span> <span class='ocrx_word' id='word_1_358' title='bbox 415 3764 484 3826; x_wconf 91' lang='lat' dir='ltr'><strong>item</strong></span> <span class='ocrx_word' id='word_1_359' title='bbox 513 3761 637 3825; x_wconf 88' lang='lat' dir='ltr'><strong>Velleius</strong></span> <span class='ocrx_word' id='word_1_360' title='bbox 659 3763 688 3835; x_wconf 86' lang='grc'><strong>2,</strong></span> <span class='ocrx_word' id='word_1_361' title='bbox 711 3766 760 3826; x_wconf 89' lang='grc'><strong>91.</strong></span> <span class='ocrx_word' id='word_1_362' title='bbox 785 3765 825 3827; x_wconf 86' lang='grc'><strong>92</strong></span> <span class='ocrx_word' id='word_1_363' title='bbox 847 3774 877 3827; x_wconf 91' lang='lat' dir='ltr'><strong>et</strong></span> <span class='ocrx_word' id='word_1_364' title='bbox 899 3765 1056 3827; x_wconf 90' lang='lat' dir='ltr'><strong>Suetonius</strong></span> <span class='ocrx_word' id='word_1_365' title='bbox 1078 3764 1150 3845; x_wconf 79' lang='lat' dir='ltr'><strong>bug.</strong></span> <span class='ocrx_word' id='word_1_366' title='bbox 1177 3765 1239 3844; x_wconf 90' lang='grc'>19).</span> <span class='ocrx_word' id='word_1_367' title='bbox 1282 3767 1367 3827; x_wconf 84' lang='grc' dir='ltr'><strong><em>Αοοο</em></strong></span> <span class='ocrx_word' id='word_1_368' title='bbox 1389 3785 1419 3826; x_wconf 88' lang='grc' dir='ltr'><strong>ο.</strong></span> <span class='ocrx_word' id='word_1_369' title='bbox 1442 3783 1467 3827; x_wconf 89' lang='grc' dir='ltr'><strong>ο.</strong></span> <span class='ocrx_word' id='word_1_370' title='bbox 1491 3764 1551 3827; x_wconf 88' lang='grc'><strong>735</strong></span> 
     </span>
     <span class='ocr_line' id='line_1_34' title="bbox 209 3865 1552 3949; baseline 0.004 -23"><span class='ocrx_word' id='word_1_371' title='bbox 209 3865 339 3947; x_wconf 78' lang='lat' dir='ltr'><strong>Augusto</strong></span> <span class='ocrx_word' id='word_1_372' title='bbox 356 3866 444 3929; x_wconf 88' lang='lat' dir='ltr'><strong>etiam</strong></span> <span class='ocrx_word' id='word_1_373' title='bbox 462 3875 525 3928; x_wconf 92' lang='lat' dir='ltr'><strong>tum</strong></span> <span class='ocrx_word' id='word_1_374' title='bbox 547 3867 576 3928; x_wconf 94' lang='lat' dir='ltr'><strong>in</strong></span> <span class='ocrx_word' id='word_1_375' title='bbox 597 3867 664 3928; x_wconf 77' lang='lat' dir='ltr'><strong>Asia</strong></span> <span class='ocrx_word' id='word_1_376' title='bbox 686 3877 817 3930; x_wconf 87' lang='lat' dir='ltr'><strong>morante</strong></span> <span class='ocrx_word' id='word_1_377' title='bbox 839 3888 905 3931; x_wconf 90' lang='lat' dir='ltr'><strong>oum</strong></span> <span class='ocrx_word' id='word_1_378' title='bbox 929 3869 966 3929; x_wconf 89' lang='lat' dir='ltr'><strong>ll.</strong></span> <span class='ocrx_word' id='word_1_379' title='bbox 982 3868 1121 3948; x_wconf 86' lang='lat' dir='ltr'><strong>Egnatius</strong></span> <span class='ocrx_word' id='word_1_380' title='bbox 1143 3868 1237 3931; x_wconf 81' lang='lat' dir='ltr'><strong>Rufus</strong></span> <span class='ocrx_word' id='word_1_381' title='bbox 1257 3869 1288 3930; x_wconf 91' lang='lat' dir='ltr'><strong>in</strong></span> <span class='ocrx_word' id='word_1_382' title='bbox 1309 3868 1406 3930; x_wconf 91' lang='lat' dir='ltr'><strong>locum</strong></span> <span class='ocrx_word' id='word_1_383' title='bbox 1428 3868 1552 3949; x_wconf 77' lang='lat' dir='ltr'><strong>Augusti</strong></span> 
     </span>
     <span class='ocr_line' id='line_1_35' title="bbox 208 3969 1552 4051; baseline 0.001 -21"><span class='ocrx_word' id='word_1_384' title='bbox 208 3969 259 4049; x_wconf 91' lang='lat' dir='ltr'><strong>qui</strong></span> <span class='ocrx_word' id='word_1_385' title='bbox 280 3980 429 4032; x_wconf 91' lang='lat' dir='ltr'><strong>recusarat</strong></span> <span class='ocrx_word' id='word_1_386' title='bbox 449 3970 632 4032; x_wconf 89' lang='lat' dir='ltr'><strong>consulatum</strong></span> <span class='ocrx_word' id='word_1_387' title='bbox 655 3980 758 4050; x_wconf 90' lang='lat' dir='ltr'><strong>petens</strong></span> <span class='ocrx_word' id='word_1_388' title='bbox 780 3971 881 4032; x_wconf 91' lang='lat' dir='ltr'><strong>turbas</strong></span> <span class='ocrx_word' id='word_1_389' title='bbox 903 3971 1074 4033; x_wconf 88' lang='lat' dir='ltr'><strong>suscitasset</strong></span> <span class='ocrx_word' id='word_1_390' title='bbox 1095 3990 1189 4051; x_wconf 92' lang='lat' dir='ltr'><strong>neque</strong></span> <span class='ocrx_word' id='word_1_391' title='bbox 1210 3971 1377 4034; x_wconf 88' lang='lat' dir='ltr'><strong>acaedibus</strong></span> <span class='ocrx_word' id='word_1_392' title='bbox 1392 3971 1552 4033; x_wconf 90' lang='lat' dir='ltr'><strong>abstinuis-</strong></span> 
     </span>
     <span class='ocr_line' id='line_1_36' title="bbox 209 4073 1551 4155; baseline 0.001 -20"><span class='ocrx_word' id='word_1_393' title='bbox 209 4083 254 4135; x_wconf 86' lang='lat' dir='ltr'><strong>set</strong></span> <span class='ocrx_word' id='word_1_394' title='bbox 285 4073 497 4154; x_wconf 85' lang='lat' dir='ltr'><strong>consiliumque</strong></span> <span class='ocrx_word' id='word_1_395' title='bbox 530 4075 603 4136; x_wconf 90' lang='lat' dir='ltr'><strong>adeo</strong></span> <span class='ocrx_word' id='word_1_396' title='bbox 632 4073 724 4155; x_wconf 91' lang='lat' dir='ltr'><strong>ipsius</strong></span> <span class='ocrx_word' id='word_1_397' title='bbox 753 4075 877 4154; x_wconf 77' lang='lat' dir='ltr'><strong>Augusti</strong></span> <span class='ocrx_word' id='word_1_398' title='bbox 912 4074 1105 4137; x_wconf 88' lang='lat' dir='ltr'><strong>interficiendi</strong></span> <span class='ocrx_word' id='word_1_399' title='bbox 1136 4075 1247 4155; x_wconf 90' lang='lat' dir='ltr'><strong>cepisse</strong></span> <span class='ocrx_word' id='word_1_400' title='bbox 1275 4074 1436 4148; x_wconf 90' lang='lat' dir='ltr'><strong>diceretur,</strong></span> <span class='ocrx_word' id='word_1_401' title='bbox 1470 4074 1551 4136; x_wconf 90' lang='lat' dir='ltr'><strong>urbis</strong></span> 
     </span>
     <span class='ocr_line' id='line_1_37' title="bbox 209 4176 1553 4258; baseline 0 -20"><span class='ocrx_word' id='word_1_402' title='bbox 209 4185 304 4239; x_wconf 83' lang='lat' dir='ltr'><strong>autem</strong></span> <span class='ocrx_word' id='word_1_403' title='bbox 328 4186 447 4258; x_wconf 91' lang='lat' dir='ltr'><strong>propter</strong></span> <span class='ocrx_word' id='word_1_404' title='bbox 469 4178 539 4239; x_wconf 90' lang='lat' dir='ltr'><strong>baec</strong></span> <span class='ocrx_word' id='word_1_405' title='bbox 560 4177 679 4240; x_wconf 87' lang='lat' dir='ltr'><strong>consilia</strong></span> <span class='ocrx_word' id='word_1_406' title='bbox 702 4188 864 4240; x_wconf 88' lang='lat' dir='ltr'><strong>ccmrnotae</strong></span> <span class='ocrx_word' id='word_1_407' title='bbox 886 4177 1047 4239; x_wconf 90' lang='lat' dir='ltr'><strong>custodiam</strong></span> <span class='ocrx_word' id='word_1_408' title='bbox 1067 4197 1083 4239; x_wconf 98' lang='lat' dir='ltr'><strong>a</strong></span> <span class='ocrx_word' id='word_1_409' title='bbox 1106 4191 1209 4240; x_wconf 87' lang='lat' dir='ltr'><strong>senatu</strong></span> <span class='ocrx_word' id='word_1_410' title='bbox 1230 4177 1393 4239; x_wconf 86' lang='lat' dir='ltr'><strong>mandatam</strong></span> <span class='ocrx_word' id='word_1_411' title='bbox 1411 4195 1486 4238; x_wconf 90' lang='lat' dir='ltr'><strong>unus</strong></span> <span class='ocrx_word' id='word_1_412' title='bbox 1501 4176 1553 4257; x_wconf 91' lang='lat' dir='ltr'><strong>qui</strong></span> 
     </span>
     <span class='ocr_line' id='line_1_38' title="bbox 209 4279 1551 4363; baseline 0.001 -22"><span class='ocrx_word' id='word_1_413' title='bbox 209 4288 270 4343; x_wconf 90' lang='lat' dir='ltr'><strong>tum</strong></span> <span class='ocrx_word' id='word_1_414' title='bbox 294 4289 356 4343; x_wconf 87' lang='lat' dir='ltr'><strong>erat</strong></span> <span class='ocrx_word' id='word_1_415' title='bbox 377 4280 480 4342; x_wconf 90' lang='lat' dir='ltr'><strong>consul</strong></span> <span class='ocrx_word' id='word_1_416' title='bbox 502 4279 532 4343; x_wconf 85' lang='lat' dir='ltr'><strong>C.</strong></span> <span class='ocrx_word' id='word_1_417' title='bbox 550 4281 666 4343; x_wconf 89' lang='lat' dir='ltr'><strong>Sentius</strong></span> <span class='ocrx_word' id='word_1_418' title='bbox 690 4291 827 4362; x_wconf 91' lang='lat' dir='ltr'><strong>tanquam</strong></span> <span class='ocrx_word' id='word_1_419' title='bbox 851 4291 932 4342; x_wconf 91' lang='lat' dir='ltr'><strong>tanto</strong></span> <span class='ocrx_word' id='word_1_420' title='bbox 954 4281 1070 4360; x_wconf 89' lang='lat' dir='ltr'><strong>negotio</strong></span> <span class='ocrx_word' id='word_1_421' title='bbox 1091 4281 1187 4363; x_wconf 90' lang='lat' dir='ltr'><strong>impar</strong></span> <span class='ocrx_word' id='word_1_422' title='bbox 1207 4291 1379 4354; x_wconf 89' lang='lat' dir='ltr'><strong>recusasset,</strong></span> <span class='ocrx_word' id='word_1_423' title='bbox 1401 4283 1551 4361; x_wconf 79' lang='lat' dir='ltr'><strong>Augustus</strong></span> 
     </span>
     <span class='ocr_line' id='line_1_39' title="bbox 208 4383 1552 4467; baseline 0 -21"><span class='ocrx_word' id='word_1_424' title='bbox 208 4383 336 4464; x_wconf 85' lang='lat' dir='ltr'><strong>primum</strong></span> <span class='ocrx_word' id='word_1_425' title='bbox 359 4383 390 4444; x_wconf 94' lang='lat' dir='ltr'><strong>in</strong></span> <span class='ocrx_word' id='word_1_426' title='bbox 411 4383 514 4445; x_wconf 90' lang='lat' dir='ltr'><strong>itinere</strong></span> <span class='ocrx_word' id='word_1_427' title='bbox 537 4384 563 4445; x_wconf 93' lang='lat' dir='ltr'><strong>ei</strong></span> <span class='ocrx_word' id='word_1_428' title='bbox 585 4385 627 4446; x_wconf 94' lang='lat' dir='ltr'><strong>rei</strong></span> <span class='ocrx_word' id='word_1_429' title='bbox 649 4385 774 4467; x_wconf 87' lang='lat' dir='ltr'><strong>providit</strong></span> <span class='ocrx_word' id='word_1_430' title='bbox 795 4395 829 4446; x_wconf 91' lang='lat' dir='ltr'><strong>ut</strong></span> <span class='ocrx_word' id='word_1_431' title='bbox 850 4383 954 4466; x_wconf 88' lang='lat' dir='ltr'><strong>potuit,</strong></span> <span class='ocrx_word' id='word_1_432' title='bbox 977 4384 1081 4446; x_wconf 90' lang='lat' dir='ltr'><strong>deinde</strong></span> <span class='ocrx_word' id='word_1_433' title='bbox 1103 4383 1149 4446; x_wconf 93' lang='lat' dir='ltr'><strong>die</strong></span> <span class='ocrx_word' id='word_1_434' title='bbox 1172 4384 1236 4446; x_wconf 88' lang='lat' dir='ltr'><strong>Oet</strong></span> <span class='ocrx_word' id='word_1_435' title='bbox 1254 4384 1294 4445; x_wconf 93' lang='grc'><strong>12</strong></span> <span class='ocrx_word' id='word_1_436' title='bbox 1308 4384 1431 4446; x_wconf 84' lang='lat' dir='ltr'><strong>Romam</strong></span> <span class='ocrx_word' id='word_1_437' title='bbox 1453 4403 1552 4446; x_wconf 88' lang='lat' dir='ltr'><strong>rever·</strong></span> 
     </span>
     <span class='ocr_line' id='line_1_40' title="bbox 208 4485 1551 4568; baseline -0.001 -18"><span class='ocrx_word' id='word_1_438' title='bbox 208 4507 259 4550; x_wconf 88' lang='lat' dir='ltr'><strong>sus</strong></span> <span class='ocrx_word' id='word_1_439' title='bbox 285 4486 413 4567; x_wconf 86' lang='lat' dir='ltr'><strong>quietem</strong></span> <span class='ocrx_word' id='word_1_440' title='bbox 446 4487 490 4548; x_wconf 92' lang='lat' dir='ltr'><strong>rei</strong></span> <span class='ocrx_word' id='word_1_441' title='bbox 520 4487 652 4568; x_wconf 91' lang='lat' dir='ltr'><strong>publicae</strong></span> <span class='ocrx_word' id='word_1_442' title='bbox 684 4488 816 4551; x_wconf 87' lang='lat' dir='ltr'><strong>reddidit</strong></span> <span class='ocrx_word' id='word_1_443' title='bbox 872 4487 911 4548; x_wconf 82' lang='lat' dir='ltr'><strong>Ea</strong></span> <span class='ocrx_word' id='word_1_444' title='bbox 940 4487 1029 4566; x_wconf 91' lang='lat' dir='ltr'><strong>igitur</strong></span> <span class='ocrx_word' id='word_1_445' title='bbox 1059 4489 1222 4562; x_wconf 89' lang='lat' dir='ltr'><strong>occasione,</strong></span> <span class='ocrx_word' id='word_1_446' title='bbox 1257 4487 1367 4550; x_wconf 91' lang='lat' dir='ltr'><strong>scilicet</strong></span> <span class='ocrx_word' id='word_1_447' title='bbox 1394 4488 1462 4549; x_wconf 90' lang='lat' dir='ltr'><strong>anni</strong></span> <span class='ocrx_word' id='word_1_448' title='bbox 1490 4485 1551 4548; x_wconf 87' lang='grc'><strong>735</strong></span> 
     </span>
     <span class='ocr_line' id='line_1_41' title="bbox 208 4591 1552 4673; baseline -0.002 -20"><span class='ocrx_word' id='word_1_449' title='bbox 208 4591 343 4654; x_wconf 90' lang='lat' dir='ltr'><strong>semestri</strong></span> <span class='ocrx_word' id='word_1_450' title='bbox 364 4592 502 4666; x_wconf 88' lang='lat' dir='ltr'><strong>secundo,</strong></span> <span class='ocrx_word' id='word_1_451' title='bbox 525 4600 643 4654; x_wconf 91' lang='lat' dir='ltr'><strong>senatus</strong></span> <span class='ocrx_word' id='word_1_452' title='bbox 665 4591 848 4673; x_wconf 90' lang='lat' dir='ltr'><strong>populusque</strong></span> <span class='ocrx_word' id='word_1_453' title='bbox 863 4592 1020 4671; x_wconf 87' lang='lat' dir='ltr'><strong>petierunt,</strong></span> <span class='ocrx_word' id='word_1_454' title='bbox 1044 4601 1077 4654; x_wconf 90' lang='lat' dir='ltr'><strong>ut</strong></span> <span class='ocrx_word' id='word_1_455' title='bbox 1091 4591 1147 4653; x_wconf 90' lang='lat' dir='ltr'><strong>sub</strong></span> <span class='ocrx_word' id='word_1_456' title='bbox 1161 4610 1247 4653; x_wconf 91' lang='lat' dir='ltr'><strong>curae</strong></span> <span class='ocrx_word' id='word_1_457' title='bbox 1263 4592 1362 4670; x_wconf 90' lang='lat' dir='ltr'><strong>legum</strong></span> <span class='ocrx_word' id='word_1_458' title='bbox 1378 4609 1552 4670; x_wconf 88' lang='lat' dir='ltr'><strong>morumque</strong></span> 
     </span>
     <span class='ocr_line' id='line_1_42' title="bbox 207 4693 1551 4776; baseline -0.001 -21"><span class='ocrx_word' id='word_1_459' title='bbox 207 4694 346 4756; x_wconf 82' lang='lat' dir='ltr'><strong>vocabulo</strong></span> <span class='ocrx_word' id='word_1_460' title='bbox 369 4694 630 4757; x_wconf 85' lang='lat' dir='ltr'><strong>extraordinarium</strong></span> <span class='ocrx_word' id='word_1_461' title='bbox 653 4695 809 4776; x_wconf 88' lang='lat' dir='ltr'><strong>imperium</strong></span> <span class='ocrx_word' id='word_1_462' title='bbox 833 4693 1002 4774; x_wconf 90' lang='lat' dir='ltr'><strong>susciperet.</strong></span> <span class='ocrx_word' id='word_1_463' title='bbox 1039 4693 1188 4774; x_wconf 84' lang='lat' dir='ltr'><strong>Repetitae</strong></span> <span class='ocrx_word' id='word_1_464' title='bbox 1210 4714 1286 4757; x_wconf 90' lang='lat' dir='ltr'><strong>anno</strong></span> <span class='ocrx_word' id='word_1_465' title='bbox 1301 4695 1434 4775; x_wconf 81' lang='lat' dir='ltr'><strong>proximo</strong></span> <span class='ocrx_word' id='word_1_466' title='bbox 1449 4713 1551 4775; x_wconf 88' lang='lat' dir='ltr'><strong>preces</strong></span> 
     </span>
     <span class='ocr_line' id='line_1_43' title="bbox 207 4797 1551 4880; baseline 0 -20"><span class='ocrx_word' id='word_1_467' title='bbox 207 4797 396 4880; x_wconf 80' lang='lat' dir='ltr'><strong>explicatione</strong></span> <span class='ocrx_word' id='word_1_468' title='bbox 428 4817 488 4860; x_wconf 91' lang='lat' dir='ltr'><strong>non</strong></span> <span class='ocrx_word' id='word_1_469' title='bbox 517 4799 663 4880; x_wconf 83' lang='lat' dir='ltr'><strong>indigent3</strong></span> <span class='ocrx_word' id='word_1_470' title='bbox 695 4807 764 4880; x_wconf 89' lang='lat' dir='ltr'><strong>post</strong></span> <span class='ocrx_word' id='word_1_471' title='bbox 789 4807 854 4860; x_wconf 93' lang='lat' dir='ltr'><strong>octo</strong></span> <span class='ocrx_word' id='word_1_472' title='bbox 883 4816 976 4860; x_wconf 93' lang='lat' dir='ltr'><strong>annos</strong></span> <span class='ocrx_word' id='word_1_473' title='bbox 1004 4816 1071 4860; x_wconf 82' lang='lat' dir='ltr'><strong>vero</strong></span> <span class='ocrx_word' id='word_1_474' title='bbox 1098 4816 1151 4861; x_wconf 93' lang='lat' dir='ltr'><strong>cur</strong></span> <span class='ocrx_word' id='word_1_475' title='bbox 1179 4801 1299 4861; x_wconf 89' lang='lat' dir='ltr'><strong>tertium</strong></span> <span class='ocrx_word' id='word_1_476' title='bbox 1326 4799 1453 4880; x_wconf 90' lang='lat' dir='ltr'><strong>prolatae</strong></span> <span class='ocrx_word' id='word_1_477' title='bbox 1482 4797 1551 4874; x_wconf 88' lang='lat' dir='ltr'><strong>sint,</strong></span> 
     </span>
    </p>
   </div>
   <div class='ocr_carea' id='block_1_8' title="bbox 0 0 1870 5434">
    <p class='ocr_par' dir='ltr' id='par_1_8' title="bbox 0 0 1870 5434">
     <span class='ocr_line' id='line_1_44' title="bbox 0 0 1870 5434; baseline 0 0"><span class='ocrx_word' id='word_1_478' title='bbox 0 0 1870 5434; x_wconf 95' lang='lat' dir='ltr'><strong> </strong></span> 
     </span>
    </p>
   </div>
  </div>
 </body>
</html>
