3730 5434
329 373 372 438 30
925 371 948 437 Ι,
967 371 1000 426 37
1007 371 1071 426 -39

328 549 446 613 annales
475 549 525 630 qui
553 557 712 630 supersunt
739 567 798 610 nou
827 548 971 629 aperiunt.
1024 547 1048 610 E
1081 548 1227 611 contrario
1256 569 1314 631 quo
1341 558 1453 630 spectet
1479 549 1508 610 id
1530 549 1607 629 quod
1629 547 1670 610 ait

328 654 477 733 Augustus
498 662 640 734 potestate
662 651 816 715 tribunicia
839 671 925 715 usum
949 652 1078 715 effecisse
1100 671 1140 726 sot
1164 651 1303 733 quidquid
1326 663 1444 716 senatus
1459 671 1512 734 per
1526 652 1668 714 honorem

327 757 411 820 illum
437 776 540 839 parum
570 755 683 818 civilem
712 754 788 818 effici
816 756 969 830 voluisset,
1003 755 1073 819 satis
1102 755 1256 818 declarant.
1306 756 1379 819 Nam
1406 776 1481 838 opus
1508 775 1572 818 esse
1601 773 1668 818 cum

329 879 444 922 morum
469 860 648 922 correctione
669 869 732 922 turn
756 858 838 920 noris
860 859 971 939 legibus
992 876 1059 920 cum
1083 866 1201 920 senatus
1223 859 1393 934 censuisset
1416 858 1469 921 uio
1488 858 1617 940 primum
1633 858 1669 920 ad

326 963 424 1045 ipsum
446 983 473 1024 a.
488 961 549 1024 735
572 972 670 1023 narrat
691 971 825 1026 senatum
839 962 951 1044 legibus
967 963 1002 1025 ab
1024 964 1155 1041 Augusto
1177 962 1303 1025 terendis
1324 981 1432 1024 nomen
1455 962 1512 1024 iam
1535 970 1599 1023 tum
1621 961 1669 1024 iu-

328 1066 435 1128 didisse
457 1065 653 1146 bugustarum
681 1073 710 1126 et
731 1065 762 1127 iu
784 1087 832 1129 eas
853 1075 985 1148 paratum
1009 1066 1100 1129 luisse
1121 1065 1217 1128 iurare
1239 1061 1327 1144 (τοὺς
1354 1061 1474 1147 νόμους
1496 1063 1571 1138 τοὺς
1591 1085 1670 1145 γρα-

328 1170 534 1253 φησομένοος
553 1163 610 1230 ὑπ’
626 1163 726 1230 αὐτοῦ
741 1160 954 1246 Αὐγούστοος
969 1167 1100 1232 ἐκεῖθεν
1114 1166 1175 1252 ἤδη
1191 1166 1436 1253 προσηγόρευον
1450 1167 1505 1230 καὶ
1521 1165 1670 1251 ἐμμενεῖν

328 1273 447 1356 σφίσιν
468 1265 590 1354 ὀμόσαι
613 1266 756 1353 ἤθελον),
782 1272 885 1335 deinde
907 1293 932 1335 a.
949 1272 1009 1335 736
1032 1273 1095 1352 (54,
1120 1273 1170 1348 16)
1193 1273 1270 1352 leges
1292 1273 1363 1335 latas
1386 1291 1460 1348 esse,
1481 1291 1555 1354 quae
1576 1270 1670 1334 ambi·
1734 1259 1738 1264 ⁵

328 1384 390 1437 tum
414 1374 495 1435 illurn
518 1373 646 1454 aliasque
667 1392 768 1454 pravas
791 1375 1016 1438 consuetudines
1033 1376 1174 1449 tollerent.
1197 1376 1232 1436 de
1247 1377 1368 1450 ambitu,
1390 1375 1613 1456 sumptuariam,
1635 1375 1670 1436 de

329 1477 497 1540 maritandis
525 1477 687 1539 ordinibus.
732 1478 787 1540 llae
816 1479 894 1558 leges
921 1498 988 1542 cum
1016 1480 1052 1541 ab
1078 1480 1141 1560 ipso
1163 1478 1353 1542 nominentur
1375 1489 1405 1542 et
1425 1489 1577 1560 propterea
1599 1497 1670 1541 cou-

328 1590 386 1644 stet
407 1600 467 1643 non
490 1598 543 1662 per
561 1581 632 1642 alios
649 1599 697 1642 eas
711 1592 826 1660 rogatas
842 1601 915 1656 esse,
938 1582 1088 1663 plebiscita
1109 1581 1218 1643 luerint
1233 1601 1350 1644 necesse
1365 1591 1410 1644 est
1425 1584 1482 1644 lata
1495 1583 1559 1644 iure
1576 1582 1670 1644 tribu·

327 1684 418 1746 nioiae
446 1683 612 1765 potestatis,
640 1683 669 1744 id
698 1684 776 1764 quod
803 1685 919 1747 aliunde
944 1705 1061 1767 quoque
1083 1685 1274 1746 confirmatur
1295 1684 1478 1767 (Stactsrecbt
1500 1686 1519 1746 2
1542 1705 1570 1767 p.
1586 1684 1669 1764 846).

328 1785 440 1867 Corpus
467 1795 565 1848 autem
595 1787 691 1867 legum
721 1786 859 1850 luliarum
881 1789 951 1850 anni
978 1788 1165 1870 potissimum
1193 1787 1255 1850 736
1274 1790 1472 1851 decemvirum
1499 1807 1540 1850 xu
1568 1788 1670 1850 tabulis

328 1888 525 1970 Corneliisque
558 1889 670 1970 legibus
703 1888 851 1952 dictatoris
886 1891 981 1954 Sullae
1014 1891 1077 1953 iure
1110 1890 1272 1972 meritoque
1304 1902 1505 1974 comparatur,
1541 1908 1671 1972 quasque

330 1993 429 2056 laudes
445 1996 594 2074 Augustus
617 1993 665 2054 hic
686 1993 748 2074 ipse
770 1993 826 2057 sibi
848 1995 958 2069 tribuit,
981 1994 1090 2076 posteri
1112 2013 1228 2074 quoque
1250 2004 1326 2057 ratas
1348 1996 1522 2058 babuerunt.

425 2097 612 2160 Publioorum
635 2115 752 2159 morum
775 2101 994 2170 correctionem,
1017 2117 1089 2178 quae
1113 2105 1211 2178 postea
1226 2117 1342 2178 quoque
1356 2117 1424 2178 pars
1439 2117 1529 2179 eaque
1545 2097 1670 2159 maxima

331 2201 439 2262 mansit
460 2218 596 2262 curarum
620 2200 759 2281 principis
782 2202 953 2278 (Suetonius
975 2202 1039 2264 Tib.
1055 2201 1095 2262 42
1111 2203 1146 2262 64.
1164 2199 1219 2274 33;
1242 2200 1360 2264 Tacitus
1374 2221 1442 2264 anu.
1458 2202 1487 2272 2,
1510 2201 1573 2278 33),
1596 2219 1671 2280 quo·

328 2304 415 2366 modo
437 2304 540 2365 eodem
562 2312 693 2385 tempore
714 2303 863 2384 Augustus
885 2315 1025 2368 executus
1047 2305 1094 2380 sit,
1118 2323 1186 2366 mox
1208 2303 1320 2367 dicetur
1341 2306 1377 2366 ad
1399 2304 1428 2379 2,
1451 2308 1486 2380 13
1508 2323 1575 2366 nam
1598 2322 1670 2384 quae

327 2408 363 2469 de
392 2426 424 2468 ea
454 2426 485 2468 re
515 2376 618 2468 tradita
645 2407 825 2488 accepimus,
851 2427 920 2470 cum
948 2408 1137 2471 relationibus
1167 2408 1203 2469 de
1225 2414 1343 2468 senatus
1365 2407 1489 2470 lectione
1510 2406 1671 2488 imperante

327 2511 458 2590 Augusto
481 2510 677 2572 contaminata
699 2510 787 2573 simul
809 2513 1011 2574 examinentur
1034 2529 1152 2574 necesse
1174 2519 1228 2573 est.

427 2613 535 2675 ilerum
553 2612 710 2693 dequibus
726 2612 853 2677 diximus
869 2616 1008 2677 memoria
1020 2614 1107 2677 etiam
1119 2614 1149 2675 in
1161 2611 1291 2676 nummis
1303 2613 1457 2694 reperitur.
1482 2613 1569 2676 Extat
1582 2613 1672 2675 dena-

327 2715 390 2778 rius
406 2716 550 2778 triumviri
566 2716 719 2779 monetarii
731 2717 762 2778 L.
774 2718 887 2781 6644444
899 2719 971 2782 Galli
986 2717 1124 2780 exhibens
1140 2715 1310 2780 subsellium
1323 2726 1352 2779 et
1363 2718 1472 2798 virgam
1486 2717 1671 2780 tribunorum

327 2819 420 2900 plebis
429 2819 453 2899 ¹)
476 2838 543 2882 cum
565 2819 761 2901 adscriptione
783 2823 925 2903 depectus
946 2833 982 2884 tr.
1002 2833 1060 2901 pot.
1083 2819 1197 2901 (Ceben
1211 2821 1283 2900 Aug.
1299 2839 1329 2882 n.
1344 2819 1431 2901 382),
1454 2839 1541 2902 quem
1557 2820 1672 2882 aliunde

327 2932 443 2986 constat
470 2943 574 2985 cusum
602 2943 665 2986 esse
692 2925 768 2986 inter
795 2945 819 2986 a.
844 2925 905 2987 734
933 2925 1013 3006 (nam
1042 2926 1150 2987 adsunt
1177 2922 1207 2985 iu
1236 2924 1299 2986 aliis
1330 2925 1462 2987 eiusdem
1485 2925 1672 3005 magistratus

328 3027 460 3089 nummis
495 3025 576 3107 sigma
604 3046 621 3088 a
650 3027 767 3090 Parthis
793 3029 921 3109 recepta)
948 3036 978 3089 et
1004 3047 1030 3090 a.
1054 3025 1114 3089 739
1138 3031 1218 3102 (uam
1245 3047 1280 3091 eo
1307 3032 1367 3090 4646
1394 3029 1537 3091 eiusmodi
1558 3026 1672 3091 nummi

327 3129 395 3192 cudi
422 3129 600 3204 desierunt);
626 3133 768 3193 accedunt
789 3132 912 3194 aliorum
941 3132 1064 3194 duorum
1094 3131 1127 3193 P.
1152 3129 1280 3192 Stolonis
1307 3131 1420 3212 (Cohen
1443 3151 1472 3194 n.
1496 3131 1672 3196 438-446.

328 3231 402 3307 442)
425 3233 556 3295 eiusdem
579 3236 639 3296 lere
661 3234 763 3297 aetatis
786 3243 814 3296 et
836 3233 868 3294 L.
885 3233 1016 3296 llescinii
1037 3232 1106 3295 uun
1130 3233 1400 3298 crundelam
1422 3236 1466 3296 vel
1482 3235 1543 3297 739
1559 3235 1672 3315 (doben

327 3354 358 3396 n.
381 3336 453 3398 461.
477 3336 551 3415 464)
586 3337 621 3398 ad
660 3347 747 3418 eaput
775 3337 898 3416 Augusti
928 3346 1042 3418 praeter
1071 3336 1313 3398 consuetudinem
1340 3337 1538 3400 adscribentes
1568 3336 1674 3399 Coesor

329 3437 468 3518 dupustus
498 3439 649 3502 tribunicio
671 3451 806 3520 potestate
840 3439 1020 3502 similiterve.
1075 3439 1112 3500 lli
1140 3441 1255 3502 nummi
1282 3450 1312 3502 et
1338 3441 1484 3521 imprimis
1506 3439 1579 3503 Galli
1605 3457 1672 3501 cum

328 3550 462 3622 tempore
485 3541 555 3603 satis
578 3542 687 3604 distent
709 3552 767 3605 tarn
789 3543 825 3606 ab
847 3561 924 3605 auno
952 3543 1103 3624 potestatis
1127 3543 1296 3606 tribuniciae
1317 3553 1450 3626 acceptae
1473 3561 1562 3623 quam
1577 3538 1613 3604 ab
1629 3560 1672 3615 eo,

327 3664 386 3725 quo
413 3663 510 3707 annua
532 3647 606 3708 lacta
628 3655 674 3709 est
696 3647 771 3722 731,
799 3645 861 3708 sine
884 3646 972 3709 dubio
994 3646 1023 3708 id
1045 3647 1192 3709 illustrant
1213 3646 1291 3727 quod
1313 3657 1401 3726 caput
1422 3647 1478 3708 hoc
1500 3643 1604 3707 indicis
1625 3661 1674 3704 ar-

327 3748 404 3830 guit,
437 3748 546 3811 scilicet
584 3769 699 3813 summa
733 3760 762 3814 et
794 3750 962 3812 difficillima
994 3751 1109 3830 negotia
1142 3759 1274 3813 recusato
1308 3749 1535 3813 extraordinario
1562 3749 1673 3810 bonore

328 3852 492 3932 Augustum
522 3852 648 3914 maxime
674 3872 726 3935 per
753 3873 778 3917 a.
802 3853 863 3916 735
894 3863 924 3916 et
953 3853 1015 3917 736
1044 3853 1198 3935 perfecisse
1224 3853 1288 3919 iure
1316 3852 1486 3917 tribuniciae
1511 3849 1672 3934 potestatis.

371 4153 435 4196 444.
468 4138 627 4216 perierunt.

167 4249 257 4335 ff·
337 4329 341 4334 Ι
371 4256 417 4302 uu.
433 4237 462 4312 3,
477 4257 503 4299 44
520 4255 548 4298 44
573 4233 668 4316 [sut
688 4231 806 4319 ταύτης
828 4231 926 4321 αὐτῆς
946 4236 1003 4320 τῆς
1025 4231 1123 4319 ἀρχῆς
1143 4233 1147 4319 Ι
1167 4231 1370 4318 συνάρχοντα
1392 4230 1509 4315 [adame
1530 4229 1599 4298 ἀπὸ
1619 4233 1673 4318 τῆς

514 4357 541 4402 aa
568 4335 746 4422 σννκλήτοο
768 4335 950 4420 π[4ν])τάατς
971 4338 1108 4422 αἰτήσας
1130 4336 1276 4422 [dilutior.

214 4545 218 4553 ¹
248 4426 267 4460 'x
329 4467 458 4550 Collegae
485 4470 517 4531 iu
545 4469 699 4532 tribunicia
717 4447 869 4550 ¹potestate
889 4471 1039 4549 Augustus
1067 4469 1176 4551 accepit
1203 4469 1333 4550 primum
1355 4467 1511 4550 Agrippam
1533 4469 1564 4530 in
1586 4467 1674 4548 quin-

328 4573 490 4654 quennium
513 4591 591 4636 anuo
614 4573 675 4636 736
698 4573 742 4636 464
764 4575 860 4654 paullo
879 4583 947 4654 post
965 4573 1031 4654 (llio
1048 4575 1097 4648 54,
1115 4573 1169 4648 12;
1192 4572 1288 4635 Vellei.
1304 4573 1334 4648 2,
1350 4574 1408 4648 9ος
1430 4572 1547 4634 Tacitus
1562 4590 1629 4634 auu.
1645 4570 1674 4644 3,

274 4829 278 4837 -
324 4836 329 4848 .
378 4855 409 4904 <x
428 4799 448 4862 1)
471 4797 581 4864 Egregie
598 4811 653 4848 oum
672 4811 794 4848 nummum
813 4795 958 4848 illustravit
977 4795 1127 4860 Borghesins
1145 4812 1199 4864 opp.
1214 4797 1239 4862 2,
1260 4796 1307 4848 422
1317 4811 1369 4864 seq.

314 4937 320 4945 x
344 4927 384 5014 :S
411 4931 468 5018 ῚῚᾗ»)

332 5022 335 5035 ·
397 5022 438 5082 „s

400 5087 416 5116 'u
