3656 5434
782 369 929 426 eanum
1469 379 1531 444 aot
1573 371 1579 382 ‘

176 545 222 618 ών
244 550 428 635 κατήγαγον
448 551 639 634 (sequebatur
661 553 815 626 numerus)
839 559 869 612 et
885 551 934 624 13,
953 553 990 613 15
1007 549 1043 623 ἐξ
1058 543 1102 615 ών
1117 553 1191 628 (scil.
1208 549 1348 630 δούλοιν)
1364 563 1451 635 τρεῖς
1466 575 1534 618 που

175 654 340 740 μυριάδας
363 655 554 736 παρέδωκα,
578 675 636 736 quo
659 654 751 716 altero
772 654 837 716 loco
860 672 897 714 ne
919 653 949 714 in
974 653 1082 716 Latino.
1099 657 1218 736 quidem
1234 658 1366 737 exemplo
1383 657 1534 739 praeposi·

177 761 217 823 tio
240 770 378 841 usurpata
402 759 458 821 luit
480 763 640 835 (seroocam
656 779 719 818 xrs
740 759 803 838 sere
818 756 910 818 millio
924 759 1053 830 tradidi).
1084 758 1215 820 Pessime
1230 759 1336 823 domae
1353 761 1396 823 bis
1410 761 1535 824 vertitur

176 861 234 925 dmi
256 857 378 944 Ῥώμης
400 880 460 923 non
483 862 579 923 solum
603 862 632 922 in
659 860 742 922 titulo
758 861 961 922 commentarii
977 860 1164 942 neglegenter
1179 863 1356 944 conscripto,
1379 863 1533 926 sedetiam

176 967 205 1041 o,
222 967 251 1040 5,
273 985 370 1046 neque
397 965 564 1027 detenditur
585 964 645 1026 hoc
667 983 701 1024 eo
723 965 801 1042 quod
822 962 980 1044 Dionysius
1002 965 1095 1044 (velut
1114 964 1207 1038 1156)
1230 962 1454 1048 ἐκκλησιάζειν
1476 965 1534 1030 ἐπὶ
1577 981 1583 991 ·

176 1065 398 1152 στρατοπέδου
429 1069 517 1144 dixit3
544 1069 671 1148 pessime
698 1067 785 1128 etiam
817 1067 861 1126 vel
889 1077 990 1129 eontra
1020 1067 1186 1148 exemplum
1209 1067 1346 1130 Latinum
1369 1071 1399 1132 in
1422 1069 1534 1131 addita·

177 1183 277 1236 mento
299 1173 375 1234 idem
400 1171 463 1234 sine
486 1171 576 1233 dubio
598 1170 688 1232 bomo
710 1169 827 1250 scripsit
843 1164 1073 1252 η’ριθμημένου
1088 1167 1251 1253 χρήματος
1267 1163 1313 1243 εἰς
1327 1170 1363 1234 τὸ
1380 1165 1536 1256 αἶράριον

175 1274 195 1360 ἢ
223 1277 284 1350 είς
313 1275 369 1340 τὸν
397 1274 503 1358 δῆμον
530 1272 587 1337 τὸν
612 1267 786 1355 Ῥωμαίων
816 1270 836 1356 ἢ
863 1274 921 1347 εἰς
948 1271 1024 1347 τοὺς
1046 1269 1311 1355 ἀπολελυμένους
1333 1272 1534 1367 στρατιώτας
1638 1355 1641 1362 Α

175 1380 264 1458 (dedit
284 1385 314 1442 in
329 1383 476 1442 οενοικλιυι
492 1378 537 1440 ocl
547 1378 642 1458 plebei
657 1377 804 1440 llomoaoe
822 1377 867 1438 ool
881 1379 1001 1439 dimissis
1015 1375 1179 1455 militibus);
1202 1377 1258 1438 dici
1273 1385 1371 1457 potest
1385 1375 1535 1460 χρήματα

174 1481 330 1546 δαπανᾶν
360 1483 407 1555 ελς
428 1478 504 1554 τούς
526 1476 738 1563 στρατιώτας,
766 1499 855 1540 nemo
877 1498 945 1541 vero
967 1479 1041 1541 dixit
1067 1475 1217 1562 χρήματα
1244 1483 1298 1556 (vel
1321 1480 1393 1543 adeo
1415 1481 1534 1563 χρῆμα)

175 1581 332 1669 ἀριθμεῖν
359 1585 406 1658 είς
432 1581 507 1656 τούς
535 1579 745 1663 στρατιώτας.
791 1582 887 1644 Minus
909 1592 989 1645 recle
1012 1583 1098 1645 etlam
1123 1584 1152 1655 4,
1174 1584 1193 1643 4
1217 1580 1274 1644 ἐπὶ
1297 1581 1351 1666 ἔτη
1374 1581 1535 1668 τεσσαρά-

175 1710 274 1752 κοντα
297 1688 385 1750 vertit
407 1687 434 1749 id
457 1687 535 1768 quod
559 1687 661 1747 lacuna
684 1687 824 1748 baustum
848 1695 927 1748 recte
951 1688 980 1748 in
1004 1686 1116 1750 Latinis
1131 1686 1302 1749 restitutum
1319 1697 1364 1750 est
1376 1706 1429 1768 per
1444 1706 1535 1751 ammos

176 1793 375 1874 quodraginta.
419 1791 478 1851 Nee
504 1789 630 1868 denique
653 1789 683 1850 in
706 1789 802 1850 verbis
825 1809 892 1851 cum
916 1788 1181 1871 praepositionibus
1203 1791 1373 1870 compositis
1395 1790 1534 1870 eligendis

176 1896 319 1959 abstinuit
337 1893 500 1962 erroribus.
528 1893 608 1954 velut
630 1892 695 1963 6,2
723 1894 913 1955 sacerdotium
935 1898 996 1973 cepi
1016 1893 1090 1954 male
1111 1892 1235 1955 reddidit
1255 1892 1315 1975 τὴν
1336 1886 1534 1975 ἀρχιερωσύ-

177 2020 237 2082 νην
260 1994 434 2080 ἀνείληφα.

274 2097 448 2163 ‘Verborum
476 2099 609 2162 ordinem
639 2099 812 2179 plerumque
835 2118 902 2161 eum
926 2119 1013 2179 quem
1038 2101 1189 2177 Augustus
1212 2099 1374 2181 praeiverat
1400 2111 1534 2164 accurate

176 2206 308 2268 imitatus
335 2213 381 2266 est
408 2222 468 2264 non
490 2212 630 2283 reputans
654 2202 769 2284 saepius
792 2202 899 2264 bacin
927 2221 958 2263 re
981 2203 1059 2283 quod
1080 2202 1221 2264 Romanis
1243 2203 1343 2265 liceret
1365 2222 1425 2265 non
1447 2204 1535 2267 licere

176 2309 253 2372 idem
290 2307 416 2370 Graecis.
473 2305 537 2367 Non
572 2305 681 2366 babent
713 2306 905 2367 offensionem
936 2305 1037 2367 Latina
1071 2305 1126 2384 (2,
1154 2306 1192 2384 2)
1219 2311 1250 2368 ia
1280 2307 1428 2370 consulatu
1455 2320 1535 2371 scorto

176 2432 288 2475 οετιεαυι
307 2410 410 2492 populi
430 2408 544 2488 contego
567 2407 605 2469 Μ.
621 2409 745 2488 Agrippa
771 2413 824 2488 epi,
846 2409 957 2470 habent
971 2410 1078 2471 Graeca
1101 2409 1143 2486 (4,
1163 2410 1210 2471 10.
1229 2410 1280 2482 11)
1302 2403 1395 2473 ἕκτον
1410 2404 1535 2485 ὕπατος

175 2513 233 2597 την
256 2509 478 2594 ἀποτείμησιν
499 2513 557 2574 τοῦ
580 2508 685 2593 δήμου
708 2505 914 2593 συνάρχοντα
937 2509 1019 2589 ἔχων
1044 2509 1183 2593 Μάρκον
1201 2505 1391 2593 Ἀγρίππαν
1414 2509 1535 2594 ἔλαβον

176 2615 329 2696 diremptis
362 2634 437 2697 quae
467 2633 527 2676 non
561 2621 645 2675 erant
673 2612 836 2676 dirimenda
865 2613 962 2676 verbis
993 2612 1051 2696 τὴν
1084 2607 1310 2698 ἀποτείμησιν
1342 2625 1372 2679 et
1404 2614 1533 2697 ἔλαβον.

176 2721 315 2784 Similiter
336 2719 391 2782 slia
415 2718 506 2780 multa
528 2717 616 2779 etiam
639 2725 741 2780 contra
764 2717 889 2798 Augusti
911 2717 1094 2798 exemplum,
1125 2719 1313 2794 νε1ο14,11
1336 2717 1436 2802 μόνος
1459 2720 1533 2782 male

176 2835 344 2905 separatum
370 2831 415 2884 est
437 2841 454 2883 a
476 2821 565 2882 verbo
587 2818 723 2901 ἔλαβον,
754 2831 833 2882 reete
855 2823 1007 2900 Augustus
1035 2822 1113 2884 solus
1140 2825 1210 2904 [τάς
1238 2823 1338 2903 inepto
1360 2823 1424 2884 loco
1448 2824 1533 2896 to,7

170 2923 366 2990 Ὀκταουίαν
387 2925 532 2986 insertum
556 2933 610 2996 est,
633 2925 710 3004 quod
735 2944 790 2987 suo
811 2925 876 2986 loeo
897 2933 1037 3004 posuerat
1058 2924 1217 3004 Augustus.
1262 2925 1449 3007 lapidariam
1473 2929 1534 2987 lor-

176 3039 253 3092 tasse
275 3047 358 3090 reum
382 3028 523 3090 iaciemus
548 3027 631 3102 13‚3
655 3023 691 3088 ai
714 3027 745 3090 δ’
768 3021 904 3110 ἤσσονες
933 3024 1067 3100 πλείους
1089 3025 1333 3110 ἐναυμάχησαν,
1361 3029 1411 3091 ubi
1434 3029 1535 3110 requi-

175 3135 251 3196 ritur
273 3128 310 3193 ai
332 3130 369 3193 dd
385 3129 521 3203 πλείους
537 3124 673 3212 ἥσσονες
689 3128 802 3212 ἑναυμ.
825 3165 866 3174 -
889 3130 1082 3210 Negationem
1099 3131 1191 3210 legem
1208 3131 1391 3193 subtiliorem
1410 3133 1534 3213 turpiter

175 3235 293 3299 violarit
314 3234 458 3314 interpres
484 3233 588 3307 16,17
612 3228 771 3296 οὐδέποτε
795 3231 859 3314 πρὸ
875 3229 992 3296 τούτου
1009 3234 1090 3310 (τοῦ)
1110 3227 1229 3312 χρόνου
1252 3229 1419 3318 dedeceat
1443 3234 1535 3317 παρά

172 3335 342 3416 Ῥωμαίων
370 3333 521 3420 ἡγεμόνι,
549 3336 599 3398 ubi
627 3335 723 3397 omitti
745 3354 805 3396 non
828 3336 926 3416 potuit
950 3330 1071 3398 οὐδενί.
1099 3371 1131 3382 -
1158 3336 1235 3400 Nihil
1263 3336 1357 3400 dicam
1389 3338 1425 3398 dc
1454 3339 1534 3400 verbi

176 3461 316 3522 generum
347 3460 403 3502 usu
426 3439 578 3519 ambiguo,
607 3457 785 3520 quamquam
817 3439 844 3512 1,
865 3437 886 3498 2
912 3437 949 3501 τὸ
972 3436 1158 3522 στράτευμα
1176 3436 1408 3524 ἡτοιμασάμην
1429 3441 1534 3504 melius

175 3554 253 3606 certe
276 3543 444 3625 scripsisset
457 3561 546 3623 quam
564 3543 644 3622 quod
662 3541 779 3623 scripsit
794 3535 960 3624 ἧτοίμασα
976 3545 1025 3621 (oi.
1041 3542 1095 3604 llio
1111 3542 1161 3615 48,
1177 3542 1217 3604 35
1234 3545 1398 3624 στρατεία,
1421 3539 1461 3626 ἣν
1476 3544 1534 3607 ἐπὶ

175 3645 250 3719 τοὺς
267 3643 425 3727 Πάρθους
447 3639 671 3729 ἡτοιμάζετο),
694 3645 803 3706 rectius
823 3645 945 3708 omnino
968 3645 1024 3708 alio
1046 3646 1135 3707 verbo
1158 3663 1276 3718 usurus,
1299 3665 1393 3726 neque
1415 3647 1534 3726 litigabo

176 3767 243 3812 cum
267 3749 387 3811 bomine
410 3750 519 3811 Graece
541 3748 659 3810 indocto
681 3748 716 3809 de
739 3747 920 3828 singulorum
945 3749 1165 3811 enuntiatorum
1189 3749 1405 3824 coniunctione,
1429 3770 1534 3830 quam-

175 3871 264 3932 quam
293 3861 364 3914 sunt
390 3871 464 3933 quae
493 3853 538 3914 vel
568 3851 677 3914 tirones
705 3852 780 3912 male
807 3851 946 3925 habeant,
974 3852 1157 3924 υε1υ14,11
1183 3872 1262 3932 sqq.;
1294 3872 1354 3915 non
1376 3872 1536 3934 persequar

175 3955 246 4018 baec
267 3965 297 4017 et
319 3955 435 4029 similia,
457 3974 548 4035 pauca
571 3973 625 4034 per
646 3962 776 4016 saturam
800 3954 953 4016 additurus
975 3966 1141 4017 memoratu
1164 3955 1258 4035 digna.
1303 3955 1443 4019 Confecto
1460 3957 1535 4019 bello

175 4059 252 4120 civili
273 4058 424 4138 Augustus
450 4059 476 4132 1,
501 4059 538 4119 15
562 4067 697 4120 externas
719 4066 821 4138 gentes
843 4057 951 4137 quibus
975 4066 1039 4118 tuto
1061 4057 1173 4138 ignosci
1194 4067 1295 4139 posset
1317 4079 1347 4120 sc
1371 4059 1441 4122 dicit
1467 4079 1535 4123 coa·

175 4181 289 4224 scroore
311 4181 396 4243 ηυσυι
419 4162 550 4224 excidere
571 4163 722 4237 moluisse3
745 4161 888 4243 pervertit
908 4162 980 4223 haec
994 4161 1066 4223 adeo
1082 4169 1116 4222 ut
1129 4160 1255 4222 absurda
1271 4161 1376 4223 fierent
1390 4163 1535 4244 interpres

177 4267 218 4342 (1,
239 4264 291 4341 23)
319 4264 450 4326 scribens
478 4263 587 4326 ἔσωσα
608 4262 734 4346 μᾶλλον
765 4261 784 4348 ἢ
807 4262 950 4347 ἐξέκοψα
1004 4263 1172 4326 inauditum
1196 4265 1281 4344 plane
1304 4264 1418 4326 dicendi
1441 4285 1535 4346 genus

176 4376 221 4430 est
242 4366 272 4442 2,
288 4366 329 4428 23
357 4367 412 4428 καί
444 4365 530 4452 ἢμην
555 4365 753 4448 τριακοστὸν
781 4366 837 4429 καί
868 4365 1010 4448 ἕβδομον
1036 4365 1236 4450 δημαρχικῆς
1258 4365 1425 4441 ἐξουσίας,
1456 4369 1535 4448 quod

175 4491 213 4534 ne
241 4471 377 4533 Orosiani
403 4471 522 4551 quidem
550 4471 630 4550 quod
657 4471 799 4550 Berglrius
825 4471 961 4532 excitavit
987 4470 1112 4551 exempli
1140 4470 1259 4532 audacia
1286 4469 1384 4547 (Oros.
1408 4490 1436 4530 vr
1456 4489 1479 4534 rs
1505 4484 1536 4534 ut

175 4579 394 4655 inperpetuum
416 4574 584 4636 tribunicios
602 4579 749 4654 potcstatis
763 4579 844 4646 esset)
860 4573 1030 4654 explicatur,
1053 4573 1162 4634 nedum
1184 4572 1359 4634 detenditur.
1405 4573 1535 4653 lienique

174 4678 331 4740 ridiculum
347 4696 417 4738 sane
440 4677 620 4756 ignorantiae
640 4678 807 4758 exemplum
829 4677 975 4757 interpres
996 4676 1087 4738 edidit
1104 4678 1152 4746 15,
1170 4677 1218 4749 19,
1241 4685 1319 4737 recte
1335 4675 1364 4736 id
1379 4694 1394 4736 a
1412 4675 1535 4756 Rerglsio

176 4781 370 4861 exagitatum
394 4781 512 4862 scripsit
527 4782 679 4861 Augustus
702 4782 827 4844 colomba
841 4783 873 4841 ia
887 4780 985 4861 λίνδου
1000 4779 1099 4842 Sicilia
1113 4778 1278 4843 Macedonio
1292 4788 1414 4862 utroque
1428 4777 1535 4860 Hispo-
