3730 5434
778 389 815 456 ΙΙ,
835 391 939 444 34-3‘1
1487 389 1529 452 47

184 571 316 651 Augusto
338 579 405 652 post
427 569 593 632 ordinatum
617 577 727 632 statum
751 569 864 631 Siciliae
880 567 1015 631 Graeciae
1036 567 1121 630 Asiae
1146 568 1243 648 Syriae
1258 567 1379 628 Romam
1396 566 1530 627 redeunti

184 675 327 758 plurimos
354 675 480 736 honores
509 675 640 736 decretos
670 693 748 748 esse,
779 673 892 736 nullum
923 692 991 736 vero
1016 691 1085 735 cum
1107 671 1251 753 accepisse
1274 669 1361 754 πλὴν
1386 666 1473 754 Τύχῃ
1496 692 1531 732 τε

184 778 389 863 sueverant
422 773 534 860 βωμὸν
561 774 741 862 ἱδρυθῆναι
768 775 824 839 καὶ
852 777 911 860 τὴν
936 773 1060 861 ἡμέραν
1085 770 1125 860 ἢν
1151 769 1307 860 α’φίξοιτο
1336 771 1371 838 ἔν
1396 797 1431 836 τε
1457 783 1532 847 ταῖς

185 879 390 966 ἱερομηνίαις
424 877 651 965 ἀριθμεῖσθαι
681 881 734 942 καὶ
769 875 1005 959 Αὐγουστάλια
1035 875 1277 963 ὀνομάζεσθαι,
1311 880 1437 941 honores
1471 888 1530 940 tres

184 987 315 1048 diversos
348 1004 524 1048 enumerans
553 1005 570 1047 a
596 984 807 1047 recentioribus
839 1004 899 1046 non
932 985 1003 1047 satis
1034 984 1196 1058 distinctos,
1226 1003 1292 1046 arae
1320 983 1531 1046 consecrandae

184 1091 330 1153 liortunae
356 1090 472 1162 reduci,
504 1089 641 1151 seriarum
670 1088 930 1162 instituendarum,
957 1087 1085 1150 nominis
1111 1087 1314 1168 Augustalium
1343 1089 1370 1149 ei
1398 1087 1454 1149 diei
1478 1088 1531 1148 tri-
1613 1091 1619 1100 '

185 1195 300 1258 buendi.
323 1231 365 1242 -
391 1189 498 1275 Τύχην
520 1188 682 1276 σωτήριον
703 1211 763 1254 non
785 1213 850 1254 esse
865 1193 1023 1254 Fortunam
1040 1193 1165 1273 aliquam
1181 1195 1348 1268 salutarem,
1371 1194 1420 1254 sed
1437 1193 1530 1273 ipsam

184 1298 322 1360 reducem
343 1305 422 1359 recte
443 1297 590 1378 perspexit
612 1296 757 1359 Beclrerus
778 1297 888 1358 enchir.
907 1297 933 1370 1,
949 1297 1009 1358 641
1027 1316 1055 1359 n.
1076 1296 1165 1370 1372,
1188 1299 1262 1359 male
1284 1297 1399 1377 negavit
1422 1297 1531 1378 Zump-

187 1402 255 1464 tius.
304 1404 360 1464 Ara
391 1420 449 1480 quo
476 1401 539 1462 loco
569 1399 728 1462 constituta
755 1400 794 1463 sit
821 1401 878 1463 iam
906 1419 941 1461 ex
970 1409 1162 1462 monumento
1192 1402 1344 1482 Ancyrano
1375 1401 1531 1474 discimus;

183 1505 334 1585 elegerunt
356 1513 455 1566 autem
483 1503 579 1564 locurn
606 1513 760 1585 propterea
786 1504 865 1583 quod
886 1505 1036 1583 Augustus
1058 1524 1075 1564 e
1097 1503 1254 1585 Campania
1276 1504 1354 1585 (vide
1378 1504 1458 1583 mox)
1479 1523 1533 1585 per

185 1609 306 1690 Appiam
330 1609 366 1670 ad
389 1607 492 1670 urbem
515 1607 634 1668 veniens
657 1607 806 1687 ingressus
832 1617 877 1668 est
904 1617 988 1687 porta
1017 1607 1140 1688 Capena.
1184 1607 1225 1668 lle
1252 1608 1371 1669 aedibus
1401 1607 1531 1687 gemellis

66 1754 84 1764 -
185 1711 312 1774 Honoris
340 1721 370 1773 et
391 1709 513 1772 Virtutis
539 1710 574 1771 ad
602 1719 715 1791 portam
745 1711 888 1791 Capenam
917 1711 976 1790 egit
1001 1711 1147 1773 Beckerus
1175 1711 1286 1772 enchir.
1305 1713 1334 1785 1,
1349 1713 1424 1785 510;
1447 1729 1530 1792 prae-

184 1815 291 1896 positio
312 1833 456 1895 quaenam
479 1813 568 1875 luerit
588 1822 656 1875 ante
678 1816 768 1890 aedes,
791 1833 895 1896 parum
916 1821 1041 1875 constat.
1085 1813 1152 1875 llies
1174 1815 1316 1876 adventus
1337 1815 1394 1876 fuit
1410 1813 1474 1875 Oct.
1493 1812 1531 1873 12

186 1919 348 1998 eodemque
370 1918 416 1979 dic
438 1935 487 1978 ara
510 1917 669 1979 constituta
691 1927 745 1994 est,
767 1918 898 1980 absoluta
920 1925 950 1977 et
971 1917 1102 1979 dedicata
1124 1917 1170 1978 die
1186 1917 1251 1978 llec.
1271 1919 1318 1979 15.
1350 1917 1530 1988 Sacrificium

184 2022 415 2085 anniversarium
437 2021 594 2101 perficiunt
614 2021 766 2102 pontifices
789 2021 973 2101 virginesque
996 2020 1048 2093 vel,
1072 2029 1106 2082 ut
1126 2021 1233 2082 Graece
1249 2021 1364 2093 dicitur,
1387 2017 1419 2083 oi
1436 2016 1532 2101 ἱερεῖς

183 2124 240 2186 καὶ
263 2122 299 2186 oi
322 2121 437 2208 ἱέρειαι
461 2127 510 2201 (cl.
526 2123 579 2185 llio
601 2127 638 2186 lr.
654 2125 696 2192 87,
717 2125 805 2187 Bell.
821 2135 851 2186 et
873 2127 923 2196 51,
942 2126 995 2202 19;
1017 2125 1091 2205 App.
1107 2124 1136 2198 2,
1156 2125 1237 2204 106).

718 2435 890 2511 CAPV'P
916 2436 998 2511 XII

249 2634 313 2676 mr.
329 2613 358 2690 2,
374 2633 399 2675 aa
429 2615 433 2698 Ι
458 2613 586 2692 [Senatus
609 2617 733 2677 consulto
755 2617 848 2678 eodem
870 2615 1004 2694 temporie
1020 2632 1086 2694 pars
1102 2617 1276 2694 [praetorum
1290 2624 1316 2674 et
1330 2613 1529 2691 trilbunorurn

373 2735 398 2780 aa
418 2715 432 2794 ,Ι
456 2718 542 2798 [plelu¹
566 2737 631 2779 cum
658 2719 770 2780 consule
798 2717 833 2788 Q.
853 2717 993 2796 lucretlio
1020 2726 1050 2778 et
1076 2715 1282 2798 princilpilbus
1311 2719 1388 2792 [ur'ra's
1410 2717 1530 2795 odlriam

374 2841 400 2884 aa
428 2820 500 2882 milti
519 2818 523 2902 Ι
545 2819 650 2899 mislsla
677 2824 728 2900 e[st
754 2825 785 2882 iu
814 2821 1027 2903 Cumpouliqm.
1056 2823 1113 2902 quta]
1143 2821 1236 2881 honos
1265 2821 1312 2897 [ud
1337 2822 1388 2883 loc
1415 2824 1532 2902 tempus]

374 2943 399 2986 aa
426 2925 536 2985 nemini
557 2921 680 3005 praelter
703 2926 768 3002 [mle
789 2929 840 3004 es[t
864 2928 1008 3003 decretusl.

229 3047 273 3088 on.
289 3029 318 3100 6,
335 3045 360 3088 u
378 3047 402 3088 tc
430 3025 581 3109 Adyparu
603 3020 802 3111 σ[υ]νκλη’του
824 3025 856 3091 oi
878 3029 937 3102 τὰς
958 3032 1113 3112 μεγίστας
1135 3021 1238 3108 ἀρχὰς
1263 3019 1437 3105 ἄρξξαντεΙς
1463 3027 1532 3106 σΙὺν

376 3151 400 3192 rr
428 3132 518 3212 μέρει
552 3133 739 3214 στρατηγῶν
772 3131 828 3193 καὶ
861 3128 1035 3215 δημάρχων
1064 3129 1069 3213 Ι
1099 3120 1181 3212 μετὰ
1213 3125 1362 3208 ὑπ[ά]του
1394 3126 1532 3194 Κοίντου

375 3253 401 3295 ts
430 3235 639 3317 Λουκρητίου
673 3232 908 3318 ἐπέμφθηῐσάν
938 3257 997 3318 μοι
1034 3229 1274 3316 ὑπαντήσαντες
1307 3235 1401 3315 μέχρι
1439 3237 1532 3317 Καμ-

376 3357 401 3400 ts
428 3339 562 3411 πανίας,
596 3331 665 3420 ἦτις
691 3335 697 3420 Ι
723 3337 816 3420 raupa}
850 3341 945 3421 μέχρι
978 3334 1095 3401 τούτου
1129 3331 1204 3399 οὐδὲ
1236 3333 1284 3398 ἑνὶ
1319 3337 1349 3397 el
1379 3334 1422 3418 μὴ
1456 3335 1530 3418 ἐμοὶ

374 3457 402 3501 ²⁰
428 3435 667 3522 gtinctula-t

188 3569 249 3630 lat.
265 3569 305 3631 34
328 3569 405 3648 quod
429 3569 563 3632 dederam
578 3571 702 3648 [senatus
717 3570 843 3633 consulto
857 3571 952 3633 eodem
967 3571 1099 3652 temporie
1117 3569 1291 3651 improbavit
1305 3570 1444 3648 Berglius
1460 3570 1532 3632 sula-

188 3671 312 3734 stituens
340 3673 466 3754 [itemque
487 3692 524 3735 em
550 3684 664 3735 mutus
686 3675 869 3752 auctoritatis,
892 3676 983 3748 male;
1010 3693 1078 3736 nam
1101 3684 1130 3736 et
1151 3674 1257 3735 Graeca
1279 3673 1480 3754 interpretatio
1502 3683 1533 3735 et

187 3776 368 3838 consuetudo
389 3777 515 3856 Augusti
543 3776 715 3839 vocabulum
743 3778 895 3858 proprium
922 3787 952 3838 et
973 3777 1134 3857 legitimum
1157 3776 1288 3856 requirit,
1310 3795 1437 3855 cumque
1461 3795 1530 3838 eum

187 3887 323 3961 appareat
343 3880 419 3941 hanc
440 3879 611 3960 legationem
634 3880 712 3942 inter
733 3879 928 3942 dedicationes
951 3898 1066 3943 ararum
1090 3880 1212 3941 duarum
1233 3880 1298 3941 ideo
1312 3879 1531 3961 interposuisse,

187 3982 266 4062 quod
291 4001 358 4044 cum
381 3982 478 4064 priore
499 4002 531 4045 re
553 3991 583 4044 et
604 3992 736 4064 tempore
758 3983 911 4045 coniuncta
932 3983 1003 4057 fuit,
1029 3982 1093 4045 eius
1120 3982 1332 4045 coniunctionis
1361 3983 1532 4063 significatio

188 4085 283 4166 aliqua
309 4086 477 4166 requiritur.
525 4085 558 4147 ln
585 4085 728 4167 principio
757 4087 916 4168 intercepta
943 4095 1014 4147 sunt
1042 4086 1185 4148 elementa
1216 4105 1241 4148 c.
1256 4105 1331 4148 xxrr.
1359 4121 1401 4131 -
1427 4086 1467 4148 35
1490 4086 1530 4146 in.

189 4207 256 4251 cum
281 4189 417 4251 deficiant
441 4188 554 4252 litterae
579 4208 604 4251 c.
620 4209 676 4264 uxr,
701 4189 780 4271 plebi
804 4189 920 4252 tolerari
948 4190 1068 4270 poten't;
1095 4199 1179 4251 antea
1205 4189 1340 4251 dederam
1366 4209 1426 4252 unu
1457 4207 1529 4252 oum

187 4326 229 4337 —-
250 4292 283 4354 ln
306 4291 497 4373 sequentibus
519 4311 572 4373 ego
593 4311 803 4374 proposueram
831 4293 1006 4374 principatus
1031 4295 1100 4354 uiris
1129 4293 1239 4356 odeum
1266 4293 1338 4356 midi
1361 4295 1441 4354 ιιιιάι·
1464 4303 1532 4354 mut

187 4401 218 4459 iu
252 4396 449 4479 Campensem,
482 4394 623 4474 Bergldus
653 4397 828 4478 puucpr'dtu
858 4400 890 4458 iu
924 4395 1081 4476 Campano
1112 4395 1184 4458 midi
1212 4399 1293 4458 mr'sai
1321 4405 1387 4458 mart
1420 4397 1532 4457 obuium

188 4499 357 4576 culmorum
390 4519 464 4580 quac
495 4509 682 4562 accesserunt
713 4519 749 4562 ex
782 4500 910 4582 pleniore
942 4499 1128 4580 reliquiarum
1162 4497 1300 4572 lectione,
1332 4497 1380 4560 illa
1412 4499 1531 4579 supple-

188 4613 287 4666 menta
317 4608 378 4666 lere
405 4604 625 4666 confirmarunt.
648 4639 689 4648 —-
711 4604 790 4666 ldem
819 4602 962 4690 Berglrius
993 4603 1071 4682 quod
1101 4602 1209 4682 llpgitat
1239 4613 1304 4664 oute
1331 4603 1383 4664 doc
1415 4613 1530 4682 tempto,

188 4707 314 4788 spatium
336 4706 457 4770 excedit.
480 4741 521 4750 -
543 4705 583 4768 37
606 4715 674 4787 post
695 4726 754 4769 ers
776 4727 843 4770 cum
866 4725 925 4768 non
948 4705 1069 4768 delicere
1098 4705 1251 4768 rideantur
1271 4705 1383 4768 litterae
1404 4705 1470 4786 plus
1493 4724 1530 4781 nr,

189 4811 338 4893 suppletae
360 4820 431 4874 suut
452 4830 491 4872 ru.
