3656 5444
282 293 345 357 104
876 285 910 352 r,
933 287 1035 340 14-18

280 474 421 553 patefacta
447 469 477 530 in
497 465 607 530 Latinis
633 466 775 546 quaedam
802 465 921 527 matari.
955 467 987 528 V.
1005 468 1042 529 13
1071 470 1230 532 tenendum
1258 482 1382 533 estnon
1405 471 1470 551 plus
1490 489 1557 530 nuru
1579 471 1632 532 lit-

281 585 356 638 teras
383 575 506 636 delioere
531 571 609 634 inter
637 574 716 632 mari
741 579 771 631 et
798 569 993 650 nulliusque
1019 571 1133 634 admitti
1162 594 1248 654 posse
1270 576 1349 654 quod
1371 574 1402 636 in
1425 581 1564 655 promptu
1584 581 1632 634 est

211 755 219 772 .
279 691 313 742 at
330 688 514 760 pacarentur.

379 780 420 842 De
442 779 531 841 rebus
552 785 668 859 praeter
690 775 866 838 Suetonium
888 777 962 857 Aug.
979 777 1036 839 21:
1062 799 1113 841 nea
1134 780 1192 842 ulli
1208 784 1288 861 penti
1306 784 1366 843 siae
1387 785 1467 843 iustis
1488 790 1514 843 et
1535 798 1628 842 ueces-

280 889 365 948 sariis
393 889 485 946 causis
513 883 616 944 bellum
643 881 739 943 obtulit
768 881 942 942 eonferenda
969 883 1141 962 praesertim
1167 883 1319 963 inscriptio
1347 884 1474 964 ‘tropaei
1496 881 1628 964 Alpium,

281 998 314 1051 ut
339 989 379 1050 ait
400 987 537 1064 Plinius„
554 985 642 1067 positi
669 1004 694 1047 a.
711 981 805 1051 74718
828 984 859 1044 ia
880 984 944 1045 loco
973 985 1041 1046 inde
1069 985 1146 1047 dieto
1171 985 1297 1067 Tropaea
1318 988 1439 1068 Augusti
1459 983 1629 1067 (Τρόπαια

280 1091 448 1174 Σεβαστοῦ
470 1090 593 1152 Ptolem.
610 1089 639 1163 3,
664 1090 691 1163 1,
714 1087 757 1168 2),
779 1087 866 1149 bodie
885 1087 991 1149 Tarbla
1013 1108 1104 1169 prope
1119 1089 1281 1163 dionaeum,
1298 1090 1382 1152 nobis
1404 1099 1501 1152 autem
1517 1099 1630 1170 praeter

280 1195 428 1276 archetypi
454 1193 579 1256 lrustula
608 1191 749 1272 quaedam
778 1199 890 1253 servata
918 1191 1029 1270 integra
1056 1193 1132 1273 apud
1160 1193 1286 1254 Plinium
1316 1191 1628 1264 11.11.3,20,136;

280 1305 346 1380 imp.
366 1298 483 1360 Caesari
510 1298 569 1358 divi
587 1297 613 1376 s.
629 1295 752 1375 Augusto
775 1295 903 1376 pontifici
927 1313 1065 1356 maaumo
1087 1300 1155 1376 imp.
1172 1317 1241 1356 arur
1258 1297 1389 1359 tribrau'a.
1410 1307 1545 1376 potestate
1567 1315 1632 1355 rra

280 1424 302 1466 s.
316 1423 347 1483 p.
363 1423 389 1484 ρ.
405 1402 452 1473 0.,
476 1399 549 1481 puell
571 1404 631 1460 eius
652 1399 739 1460 ductu
763 1401 947 1478 auspiciaque
967 1410 1063 1478 pentes
1078 1398 1197 1478 Alpinae
1212 1418 1308 1462 omues
1323 1418 1395 1481 quae
1410 1404 1519 1476 opinari
1530 1415 1631 1478 supero

282 1509 320 1569 ad
341 1507 470 1585 inferum
489 1502 670 1582 pertinebant
691 1502 742 1564 sud
765 1504 914 1580 imperium
934 1521 964 1580 p.
980 1501 1015 1562 ll.
1039 1514 1105 1564 suut
1127 1503 1266 1576 redactae,
1289 1523 1363 1583 quae
1386 1511 1486 1582 gentes
1508 1519 1630 1563 numero

281 1629 348 1670 aava
376 1608 513 1687 deineeps
540 1613 760 1667 enumerantur.
804 1604 893 1665 Addit
914 1603 1041 1666 Plinius:
1070 1624 1129 1667 aon
1156 1617 1223 1668 salat
1248 1608 1373 1668 adiectae
1396 1606 1543 1669 Cottianae
1564 1609 1629 1666 eivi-

282 1723 352 1775 tates
380 1731 424 1771 ar
448 1709 504 1790 (sia
529 1709 596 1770 libri
618 1727 736 1782 omnes,
762 1708 850 1769 etiarn
874 1707 983 1786 beidi,
1011 1728 1081 1788 puae
1106 1726 1167 1771 noa
1187 1711 1307 1788 fueraut
1328 1711 1438 1771 hostiles
1460 1745 1501 1753 -
1523 1708 1633 1769 scilieet

282 1815 337 1878 bae
365 1813 502 1884 174516
531 1831 665 1874 seorsum
692 1821 856 1892 posueruut
883 1831 983 1873 aruum
1011 1813 1136 1873 alterum
1166 1812 1325 1892 Segusione
1353 1813 1448 1875 adbuc
1477 1821 1632 1883 exmntem,

284 1935 461 1998 quamquam
489 1919 519 1978 ia
550 1936 585 1978 eo
607 1924 818 1977 enumerantur
845 1915 975 1976 civitates
996 1932 1056 1976 uon
1078 1935 1123 1989 xv,
1146 1916 1197 1976 sed
1219 1895 1290 1990 111111,
1314 1927 1343 1978 et
1365 1917 1395 1978 in
1418 1917 1464 1977 his
1487 1936 1537 1978 sex
1559 1933 1633 1994 quae

283 2020 408 2082 redeant
437 2019 467 2080 in
490 2020 638 2099 Tropaeis.
687 2019 886 2098 Tropaeoruna
915 2018 1033 2079 titulum
1062 2018 1119 2079 iam
1151 2019 1278 2098 reperies
1301 2020 1331 2080 in
1353 2019 1517 2093 t.1.1..v,
1541 2019 1632 2090 7817,

282 2142 368 2187 araus
409 2121 632 2202 Segusioaensis
666 2121 774 2182 ibidem
809 2141 838 2181 n.
869 2120 948 2182 7231
989 2120 1101 2183 adiecto
1142 2123 1178 2184 ad
1217 2131 1377 2202 utrumque
1413 2122 1631 2184 conamentnrio.

283 2227 416 2290 Domitae
438 2235 536 2288 autem
560 2233 630 2287 sunt
652 2232 752 2304 gentes
774 2224 894 2304 Alpinae
917 2224 1150 2304 expeditionibus
1172 2225 1385 2306 compluribus:
1409 2225 1546 2287 Varronis
1569 2225 1634 2287 llu-

284 2350 373 2393 renae
394 2329 426 2392 in
443 2331 573 2392 Salassos
595 2348 620 2390 a.
638 2348 666 2390 u.
682 2347 707 2390 a.
724 2326 785 2389 729
809 2327 919 2408 (Strab.
936 2330 964 2402 4,
981 2329 1010 2401 6,
1028 2330 1046 2388 7
1062 2348 1090 2408 p.
1106 2327 1183 2406 2053
1206 2328 1396 2405 011153,25;
1419 2330 1480 2390 Lir.
1496 2350 1540 2412 ep.
1560 2329 1634 2404 1353
1671 2371 1673 2376 .

284 2435 449 2498 Cassiodor.
472 2434 508 2495 ad
530 2433 651 2506 11.729;
674 2433 755 2494 Suet.
771 2431 843 2512 Aug.
860 2431 925 2510 21),
947 2439 1176 2512 propterquam
1200 2451 1284 2494 arcus
1306 2432 1438 2512 Augusto
1460 2432 1490 2494 in
1513 2432 1634 2513 Alpibus

288 2537 439 2600 dedicatus
473 2544 531 2610 est,
564 2539 688 2597 fortasse
720 2534 745 2596 is
778 2535 842 2615 ipse
872 2535 922 2615 qui
949 2535 1057 2608 adhue,
1091 2535 1176 2596 titulo
1207 2545 1302 2597 tamen
1326 2535 1485 2598 destitutus
1507 2538 1636 2599 cernitur

283 2645 430 2722 Augustae
451 2639 614 2701 Praetoriae
629 2637 671 2718 (v.
687 2638 723 2700 ad
739 2637 769 2698 C.
786 2638 818 2712 V,
836 2638 946 2714 7817);
968 2637 999 2699 P.
1017 2637 1080 2700 Silii
1093 2637 1125 2698 in
1141 2638 1309 2700 Camunnos
1325 2649 1354 2700 et
1369 2640 1509 2701 Venostes
1531 2659 1556 2701 a.
1574 2639 1633 2701 738

285 2745 350 2825 (Dio
373 2745 423 2816 54,
446 2743 516 2823 20);
545 2740 654 2803 Tiberii
676 2741 821 2820 Drusique
847 2742 877 2802 in
900 2742 1006 2802 ilaetos
1028 2741 1250 2820 Vindelicosque
1272 2761 1297 2802 a.
1315 2741 1375 2803 739
1401 2743 1490 2816 (Suet.
1506 2742 1579 2822 Aug.
1594 2741 1632 2803 21

285 2848 369 2928 oet.);
391 2855 493 2926 quarta
516 2865 541 2907 a.
559 2845 619 2906 740
643 2843 673 2905 in
689 2844 810 2923 Ligures
833 2864 892 2917 eos,
915 2843 965 2923 qai
989 2844 1131 2924 degebant
1145 2845 1175 2906 in
1195 2844 1317 2924 Alpibus
1335 2845 1488 2908 maritimis
1504 2846 1570 2926 (llio
1586 2848 1634 2920 54,

284 2951 348 3032 24).
393 2950 470 3012 Bella
496 2948 585 3028 igitur
611 2948 683 3009 baec
712 2967 779 3008 oum
808 2947 1052 3009 continuarentur
1079 2968 1131 3028 per
1157 2967 1249 3010 annos
1275 2948 1456 3028 complures,
1484 2959 1633 3030 tropaeum

284 3065 403 3136 propter
431 3053 558 3115 devictas
586 3060 685 3132 gentes
711 3050 830 3130 Alpinos
858 3069 961 3112 omnes
983 3051 1164 3129 (1111111,
1189 3053 1245 3113 0111
1279 3052 1362 3132 Alpes
1388 3055 1461 3132 feris
1487 3053 1636 3134 assellispue

285 3159 446 3220 uatibuibas
475 3157 595 3218 celebres
616 3153 803 3235 perdomitae)
835 3162 978 3216 statutum
1005 3163 1051 3215 est
1079 3173 1156 3217 anno
1187 3156 1307 3217 demum
1337 3149 1447 3224 74718,
1481 3176 1540 3236 quo
1563 3156 1635 3218 bella

286 3263 374 3323 linem
398 3261 535 3323 ridentur
557 3257 702 3339 accepisse
724 3256 875 3337 provincia
895 3257 995 3319 Raetia
1017 3258 1185 3321 constituta.

307 3485 372 3528 aar.
389 3466 417 3538 5,
434 3483 459 3527 11
476 3483 501 3527 11
529 3464 641 3542 Cla[ssis
655 3482 718 3525 mea
729 3483 782 3544 per
794 3463 946 3540 Ooeaaetra]
963 3463 998 3525 ab
1014 3465 1089 3526 dstio
1100 3464 1195 3528 naara
1211 3465 1247 3526 ad
1262 3464 1332 3526 solis
1348 3465 1468 3527 orientis
1480 3465 1634 3546 reigionem

527 3587 620 3648 usque
643 3568 679 3630 ad
701 3569 781 3646 salnes
805 3566 1002 3645 Cimbrorulm
1025 3568 1177 3647 laevigavit
1202 3570 1236 3646 [ᾖ]
1260 3569 1320 3648 qud
1335 3587 1430 3648 neque
1446 3579 1523 3630 terra
1542 3589 1636 3650 neque

474 3693 499 3735 rs
528 3671 532 3752 1
557 3672 629 3734 mari
659 3671 815 3751 quisquam
836 3671 987 3732 Romanus
1009 3680 1076 3733 ante
1098 3672 1128 3733 id
1148 3682 1265 3753 tempus
1287 3673 1356 3746 adit,
1377 3675 1394 3746 d
1417 3672 1585 3753 Cimbrique
1607 3685 1636 3736 et

472 3795 498 3838 ar
526 3776 671 3857 Charydes
690 3772 696 3858 Ι
715 3782 744 3836 et
762 3776 923 3836 Semnones
946 3784 976 3837 et
997 3775 1126 3838 eiusdem
1151 3776 1260 3838 traetlrs
1282 3776 1330 3838 alii
1346 3777 1560 3839 Germindruar
1582 3797 1635 3858 po·

475 3897 501 3940 as
528 3879 609 3960 pa[l]i
630 3897 683 3958 per
705 3877 814 3958 legatis
837 3877 1001 3948 amioiltiam
1025 3898 1120 3941 meam
1143 3889 1173 3941 et
1192 3880 1292 3959 populi
1307 3880 1431 3942 Ramini
1446 3882 1635 3960 petierunt.§

308 4003 353 4046 on.
368 3984 416 4056 14,
433 4003 458 4045 ro
475 4002 499 4045 11
527 3977 648 4054 Στόλας
667 3979 672 4064 Ι
692 3978 770 4063 ἐμὸς
799 3979 857 4043 διὰ
879 3976 1033 4044 Ὠκεανοῦ
1060 3963 1129 4044 aba
1161 3977 1322 4062 στόματος
1340 3979 1453 4066 Ῥήνου
1482 3980 1525 4057 ὠς
1555 3983 1636 4064 πρὸς

432 4104 456 4148 aa
473 4103 499 4146 11
528 4083 539 4156 1
557 4080 718 4156 ἀνατολὰς
739 4086 834 4166 μέχρι
857 4081 978 4157 ἔθνους
1003 4088 1159 4168 Κίμβρων
1181 4080 1384 4160 διέπλευσεν,
1409 4078 1448 4150 αὖ
1469 4089 1532 4167 (sia)
1555 4085 1637 4162 odias

474 4207 500 4251 rt
527 4185 610 4272 καααλ
623 4187 682 4270 γῆν
705 4184 779 4250 οὔτε
800 4185 882 4250 κατὰ
898 4186 1076 4252 θάλασσαν
1087 4184 1257 4270 Ῥωμαίων
1271 4211 1321 4262 τις
1337 4187 1402 4273 πρὸ
1422 4187 1427 4271 Ι
1446 4185 1565 4254 τούτου
1579 4190 1636 4254 τοῦ

473 4309 500 4354 aa
526 4288 643 4373 χρόνον
661 4289 854 4374 προσῆλθεν
873 4288 929 4352 καὶ
945 4291 1093 4374 Κίμβροι
1116 4291 1171 4353 καὶ
1185 4289 1345 4372 Χάλνλβες
1359 4293 1427 4374 (sio)
1442 4293 1498 4356 καὶ
1514 4297 1637 4377 Eiuro·

473 4413 498 4455 as
526 4415 577 4466 νες
600 4389 684 4456 ἄλλα
705 4416 740 4457 τε
763 4387 873 4456 nolle
894 4391 976 4477 ἔθνη
995 4395 1169 4477 Γερμανῶν
1187 4391 1192 4478 Ι
1212 4393 1271 4456 διὰ
1286 4398 1471 4477 πρεσβενῶν
1484 4397 1543 4482 τὴν
1558 4396 1637 4482 ἐμὴν

475 4515 499 4558 11
527 4494 646 4580 φιλίαν
667 4496 723 4559 καὶ
745 4493 803 4581 τὴν
825 4493 931 4580 δήμου
950 4493 1129 4580 Ῥω1μα1ων
1150 4491 1312 4582 αἰτήσαντα
1334 4501 1410 4580 (sio).

285 4600 364 4661 Inter
390 4617 477 4680 iisque
499 4600 536 4662 ad
557 4608 587 4662 et
608 4605 752 4681 nauigauit
773 4601 845 4680 quid
867 4601 1062 4683 supplendum
1085 4603 1132 4677 sit,
1154 4621 1234 4666 nuno
1257 4607 1376 4667 demum
1398 4606 1506 4668 Graeca
1528 4607 1636 4667 docue-

286 4711 357 4765 runt
378 4702 542 4782 adsumptis
563 4702 693 4782 reliqniis
716 4703 826 4766 Latinis
847 4725 923 4765 aaa
947 4705 1098 4784 (deficiunt
1120 4707 1175 4770 litt.
1191 4711 1235 4786 1);
1257 4727 1503 4790 proposueramus
1526 4729 1579 4790 ego
1599 4711 1637 4772 ad
