3730 5434
819 386 948 453 Ι74445
1511 393 1550 458 31

215 565 282 646 56),
308 567 414 630 iterun
446 567 477 628 in
506 566 737 648 quinquennium
766 585 843 628 anno
871 565 929 626 741
959 562 1025 640 (1115
1047 565 1101 638 54,
1132 565 1179 627 12.
1207 566 1276 643 28),
1304 566 1407 630 deinde
1428 569 1553 650 Agrippa

213 686 239 729 5.
263 666 324 731 742
355 667 490 732 defuncto
519 669 667 732 Tiberium
693 670 723 732 in
754 667 986 750 quinquennium
1013 687 1039 729 a.
1063 668 1123 732 748
1151 669 1294 750 (111555,
1318 671 1350 746 9;
1377 671 1502 735 Velleius
1524 673 1552 748 2,

214 770 535 844 §immensioris
559 772 739 852 9.16.11),
767 773 872 835 iterum
895 771 926 834 in
948 771 1121 834 decennium
1144 792 1168 833 5.
1192 773 1253 834 757
1275 772 1341 852 (1115
1364 776 1413 848 55,
1439 775 1494 851 13;
1516 778 1553 837 51.

215 872 338 935 Velleius
359 873 389 948 2,
414 875 487 952 163;
522 876 638 939 Tacitus
665 895 732 938 ann.
757 877 784 945 1,
807 874 837 937 3.
860 873 928 954 10),
959 873 1082 955 denique
1108 884 1160 937 cut
1185 876 1216 937 in
1245 877 1419 940 decennium
1448 878 1554 954 (minui

131 1013 135 1022 ·
213 975 292 1039 enim
322 977 446 1058 spatium
475 999 535 1042 non
561 979 666 1062 potuit)
694 989 744 1041 aut
769 988 900 1058 tempore
927 997 987 1040 nou
1015 978 1167 1059 praefinito
1196 998 1221 1041 5.
1245 980 1306 1042 766
1329 979 1393 1056 (1115
1416 981 1466 1054 56,
1489 980 1553 1060 28).

215 1079 373 1144 Suetonius
400 1091 497 1144 tamen
519 1083 639 1146 711516
666 1085 756 1144 refert
780 1101 805 1144 5.
829 1080 1027 1143 7577165515
1055 1081 1240 1144 tribuniciam
1263 1093 1435 1163 potestatem
1465 1103 1554 1146 reno-

213 1193 309 1246 vatam
341 1203 405 1247 esse
435 1185 467 1247 in
500 1186 743 1268 quinquennium.
796 1185 927 1246 Alterum
957 1184 1053 1246 locum
1086 1185 1158 1266 Aug.
1180 1185 1234 1259 27,
1267 1186 1317 1250 ubi
1343 1187 1385 1248 sic
1413 1187 1552 1250 traditur:

213 1287 393 1350 mosaicam
412 1299 573 1368 potestatem
593 1301 756 1370 perpetuom
776 1293 886 1369 recepit,
908 1291 938 1350 ic
961 1307 1017 1370 quo
1037 1290 1122 1352 semel
1143 1299 1226 1370 utque
1246 1293 1350 1352 1755555
1368 1309 1421 1370 per
1440 1291 1553 1371 5159515

214 1389 307 1454 155775
327 1391 462 1472 colleqom
483 1391 537 1453 sibi
556 1395 704 1472 cooptavit,
727 1410 830 1453 sanum
853 1410 917 1453 esse
935 1410 1024 1471 nogo;
1050 1411 1227 1474 quamquam
1249 1402 1337 1455 erunt
1358 1396 1481 1456 fortasse
1502 1395 1552 1474 qui
1633 1445 1637 1454 .
1724 1407 1729 1418 ·

214 1492 253 1554 175
275 1494 431 1557 defendent
452 1494 525 1557 duos
547 1495 668 1575 collegas
689 1496 853 1575 Augustum
877 1497 1063 1577 cooptarisse,
1086 1497 1203 1576 utrique
1225 1505 1322 1558 autem
1343 1498 1485 1559 bonorem
1501 1517 1553 1579 per

214 1595 327 1676 singula
348 1597 440 1660 lustra
462 1616 640 1678 prorogasse.
684 1598 875 1660 verisimilius
896 1607 941 1661 est
963 1599 1104 1679 quaedam
1126 1600 1266 1662 excidisse
1288 1601 1330 1663 sic
1349 1601 1552 1662 1555551575-

214 1700 336 1779 granda:
357 1701 442 1763 555751
456 1711 538 1783 utque
552 1705 655 1764 iterum
669 1701 717 1780 [M.
732 1701 892 1782 lqmppom,
908 1699 975 1764 ter?
998 1701 1149 1780 Tiberium]
1168 1722 1221 1784 per
1234 1703 1348 1783 5159515
1362 1703 1454 1766 tustra
1469 1704 1553 1766 55115-

211 1821 278 1884 qom
297 1806 353 1868 sibi
364 1807 508 1885 cooptavit,
531 1823 706 1885 quamquam
723 1807 748 1867 si
762 1804 801 1866 ita
818 1804 976 1868 Suetonius
991 1803 1117 1886 scripsit,
1140 1807 1241 1890 utique
1255 1825 1290 1867 eo
1305 1805 1423 1869 nomine
1438 1807 1552 1882 errarit,

213 1906 292 1987 quod
314 1907 463 1970 Tiberium
491 1908 581 1970 semel
609 1917 686 1970 certe
716 1917 830 1990 oportet
856 1909 1001 1989 occepisse
1030 1917 1201 1990 potestatem
1225 1909 1300 1971 hanc
1321 1917 1372 1971 557
1392 1909 1423 1970 15
1447 1909 1553 1972 decen-

214 2011 297 2072 nium
319 2019 370 2073 557
390 2011 421 2072 15
442 2023 615 2093 perpetuum
624 2011 658 2092 ¹).
694 2013 751 2075 Pro
773 2012 863 2074 llione
885 2024 986 2075 contra
1004 2012 1176 2075 Suetonium
1199 2012 1254 2075 hoc
1276 2021 1343 2091 stat,
1366 2013 1444 2093 quod
1465 2031 1553 2076 reno-

214 2122 295 2176 vatae
327 2115 479 2194 potestatis
509 2135 534 2178 a.
558 2116 619 2177 762
646 2115 724 2178 55115
752 2115 890 2177 memoria
921 2124 1063 2196 superest.
1112 2115 1259 2178 Dubitatio
1286 2124 1383 2177 tamen
1411 2126 1552 2190 remanet,

215 2217 250 2279 de
270 2235 348 2279 anno
370 2219 431 2279 757
454 2228 519 2281 uter
539 2228 641 2281 auctor
655 2219 770 2294 errarit3
792 2227 946 2299 potestque
961 2219 1032 2293 beri,
1047 2227 1081 2281 57
1095 2218 1228 2281 Tiberius
1242 2238 1268 2282 5.
1285 2221 1345 2280 757
1368 2219 1552 2281 tribuniciam

214 2328 387 2400 potestatem
414 2322 557 2403 acceperit
577 2322 607 2384 in
629 2322 875 2403 quinquennium,
898 2341 923 2383 a.
947 2321 1132 2384 76255715
1155 2322 1327 2385 decennium
1350 2331 1401 2385 aut
1423 2331 1553 2403 temporo

214 2441 273 2484 non
300 2425 460 2505 praefinito.
504 2425 576 2488 Utut
597 2434 651 2500 est,
673 2433 750 2488 recte
771 2426 920 2505 Augustus
942 2425 983 2486 ait
1003 2424 1039 2486 ad
1061 2443 1129 2486 eum
1152 2424 1239 2498 diem,
1265 2444 1323 2504 quo
1345 2426 1416 2487 baec
1437 2425 1554 2506 scripsit

214 2535 321 2588 aestate
343 2546 368 2589 5.
385 2528 461 2602 767,
483 2529 636 2609 quinquies
658 2531 794 2608 collegam
819 2527 989 2590 tribuniciae
1011 2529 1161 2608 potestatis
1183 2547 1199 2589 5
1221 2536 1324 2590 555575
1346 2547 1377 2590 55
1398 2529 1553 2610 accepisse.

214 2628 411 2711 Cooptationis
440 2632 577 2696 vocabulo
605 2632 703 2695 minus
730 2631 846 2713 proprie
869 2631 1026 2692 Suetonius
1049 2649 1120 2693 usus
1142 2642 1199 2705 est,
1226 2649 1293 2693 cum
1316 2650 1383 2693 sere
1404 2632 1552 2712 Augustus

214 2732 350 2813 collegam
373 2753 390 2797 5
412 2743 514 2798 senatu
535 2735 650 2818 petierit
671 2741 709 2814 (v.
732 2735 903 2799 Stootsrecbt
927 2736 942 2795 1
966 2755 994 2815 p.
1010 2733 1094 2814 212).

745 3009 920 3087 OAPVT
945 3009 1022 3084 VII

276 3134 340 3177 nar.
369 3121 524 3198 perimet.
919 3195 924 3210 .

276 3238 320 3281 55.
337 3222 366 3296 4,
383 3239 422 3283 75
455 3221 562 3305 Τριῶν
584 3214 711 3301 ἀνδρῶν
730 3217 883 3301 ἐγενόμην
904 3216 1073 3301 δημοσίων
1092 3214 1294 3300 πραγμάτων
1317 3217 1323 3302 l
1342 3219 1553 3305 κατορθωτὴς

453 3323 621 3402 συνεχέσιν
642 3319 749 3385 ἔτεσιν
771 3322 860 3385 δέκα.
883 3326 901 3398 §

214 3451 287 3513 liinc
315 3452 436 3515 omnino
457 3452 615 3516 Suetonius
636 3451 781 3532 1155275
813 3452 1035 3514 lmbmoirotum
1063 3456 1109 3514 rel
1127 3453 1254 3532 publicos
1276 3453 1480 3516 constructore
1499 3473 1553 3534 per

213 3555 305 3616 555555
332 3573 422 3618 monos
449 3557 665 3619 comicorum.
715 3554 930 3616 Triumviratus
959 3555 1039 3636 prior
1067 3564 1141 3617 teste
1169 3555 1265 3618 tabula
1288 3555 1435 3618 Colotiana
1462 3575 1477 3618 a
1507 3557 1552 3619 die

213 3656 253 3718 27
275 3657 346 3720 Nor.
369 3659 428 3720 771
453 3660 640 3722 continuatus
661 3667 707 3722 est
728 3658 763 3720 ad
786 3658 813 3719 d.
830 3657 867 3720 31
890 3657 956 3718 ileo.
974 3657 1045 3732 716,
1067 3658 1212 3739 posterior
1233 3678 1248 3720 5
1271 3659 1300 3720 d.
1318 3660 1333 3719 1
1357 3659 1494 3720 155717
1516 3660 1553 3722 55

213 3758 250 3821 31
267 3760 334 3823 1155.
350 3761 421 3823 721.
458 3761 498 3824 Eo
520 3771 617 3824 autem
640 3762 700 3836 die,
722 3778 808 3842 quem
832 3759 880 3821 bio
902 3759 1017 3835 indicat,
1039 3780 1112 3823 num
1134 3780 1200 3824 rere
1223 3761 1439 3824 triumviratum
1462 3762 1552 3844 depo-

212 3863 313 3938 suerit,
335 3863 711 3946 5555551875575755172
734 3883 762 3945 p.
785 3863 857 3926 698.

275 4089 339 4132 nir.
357 4071 384 4146 1,
398 4089 426 4136 ss
454 4069 595 4152 [Princeps
620 4081 733 4135 5555755
759 4072 808 4151 sui
827 4089 914 4152 osque
936 4071 974 4132 55
994 4088 1060 4132 eom
1082 4071 1169 4144 51555,
1193 4087 1247 4152 quo
1268 4070 1444 4150 sm'psleram
1466 4070 1550 4150 [boec

397 4193 425 4237 ss
454 4173 458 4254 l
480 4195 533 4258 per
553 4193 643 4240 occos
664 4173 871 4257 qocdrcqlntol.

254 4295 298 4340 55.
313 4278 343 4354 4,
358 4295 372 4340 n
385 4296 424 4340 57
453 4279 589 4362 Πρῶτον
609 4278 614 4362 l
632 4274 816 4360 ἀξιώματος
836 4272 941 4340 τόπον
963 4271 1059 4354 ἔσχον
1079 4275 1136 4360 τῆς
1157 4271 1334 4359 σννκλήτον
1357 4271 1432 4358 ἄχρι
1452 4273 1457 4362 Ι
1475 4273 1551 4340 ταύ-

407 4399 421 4442 5
449 4403 505 4464 της
527 4379 583 4466 τῆς
604 4376 737 4464 ἡμέρας,
760 4371 797 4463 ἧς
813 4379 915 4442 ταῦτα
930 4377 1086 4463 ἔγραφον,
1109 4376 1166 4441 ἐπὶ
1183 4375 1236 4462 ἔτη
1251 4376 1512 4460 τεσΙσαράκοντα.
1533 4384 1552 4458 S

306 4555 328 4618 ¹)
351 4553 475 4618 Serglins
493 4569 517 4621 p.
529 4553 559 4606 ³1
579 4555 679 4622 supplet
697 4555 816 4606 diverses
835 4553 1000 4618 5555157555
1016 4555 1109 4604 7755755
1128 4553 1182 4620 [per
1198 4550 1353 4614 5555751555,
1370 4551 1419 4621 ter]
1437 4569 1482 4620 por
1498 4557 1551 4605 sin-

207 4639 272 4705 gula
292 4638 376 4691 lustro
397 4638 519 4706 collegam
542 4641 592 4691 ribi
613 4643 732 4708 oooplem‘t
752 4649 792 4706 57,
815 4657 845 4692 ne
863 4641 999 4692 Suetonius
1023 4655 1106 4690 secum
1129 4639 1183 4705 ipsc
1209 4646 1314 4704 pugnet,
1336 4639 1362 4689 in
1382 4639 1437 4691 vite
1454 4637 1552 4692 Tiberii

209 4742 232 4780 c.
251 4728 282 4778 16
305 4743 350 4794 pro
375 4743 404 4778 eo
426 4729 491 4794 qnod
516 4728 628 4779 truditur
651 4727 713 4778 dato
736 4741 829 4781 rursus
852 4727 988 4778 tribuniciis
1009 4727 1123 4793 potestas
1149 4727 1177 4774 irs
1200 4728 1396 4791 quinquenium
1417 4727 1552 4780 substituit

208 4814 237 4864 in
253 4811 407 4866 55555νὶ555
