3656 5434
817 345 963 403 aaaron
1506 355 1568 420 199

211 529 283 590 bum
308 527 403 602 vertit,
426 527 621 589 reformidans
644 527 756 589 scilieet
778 524 974 591 ἐπαινετικά
996 529 1211 612 ψηφίσματα,
1235 529 1286 591 sed
1308 529 1347 592 ita
1371 549 1402 592 se
1425 530 1571 611 expedivit

212 643 245 694 ut
267 650 321 692 nec
343 630 445 694 Latine
467 631 538 692 satis
567 649 622 693 nec
652 631 722 693 satis
745 632 853 696 Graece
883 630 1022 695 scriberet
1049 628 1069 714 ἦ
1097 625 1277 714 σύγκλητος
1298 626 1508 695 ἐπαινέσασά
1530 656 1571 716 με

211 727 408 817 ψηφίσμασι
439 731 691 815 προσκατέλεξε;
724 734 849 798 debebat
878 735 1006 798 scribere
1036 727 1055 817 ἡ
1090 730 1267 818 σύγκλητος
1300 731 1508 799 ἐπαινέσασά
1530 759 1571 818 με

211 834 477 920 προοκατοιλέξαι
500 834 703 920 ἐψηφίσατο.

313 934 470 1002 ‘Secuntur
492 959 524 1001 ea
552 958 626 1020 quae
650 941 757 1003 Graece
784 941 904 1022 quidem
937 941 989 1003 sed
1023 959 1127 1021 parum
1157 950 1224 1021 apte
1250 951 1280 1003 et
1308 941 1424 1023 proprie
1457 941 1571 1004 reddita

213 1041 367 1104 videantur
395 1061 472 1117 esse,
502 1063 518 1104 e
551 1043 658 1123 quibus
686 1043 840 1124 potissima
868 1044 1035 1123 seligentur.
1086 1043 1216 1105 Possunt
1248 1044 1365 1125 quidem
1400 1043 1441 1106 τὰ
1473 1043 1570 1106 κοινὰ

212 1143 392 1227 πράγματα
426 1146 631 1226 rempublicam
665 1146 842 1225 significare,
877 1148 929 1208 sed
962 1145 1009 1206 vix
1042 1155 1121 1207 recte
1154 1147 1300 1227 interpres
1333 1146 1394 1221 1‚3
1429 1147 1502 1209 dixit
1529 1145 1570 1209 coi

212 1245 306 1311 κοινοὶ
330 1245 508 1331 πράγματα
531 1241 602 1311 άπὸ
624 1249 681 1331 τῆς
703 1247 856 1322 δουλείας
877 1245 1094 1332 ἠλευθέρωσα
1122 1248 1338 1330 (rempublicam
1360 1255 1392 1313 ira
1413 1251 1571 1312 libertatem

212 1349 377 1432 modicam).
426 1352 528 1414 Potest
555 1351 673 1430 quidem
696 1351 803 1414 τελεῖν
830 1354 952 1414 verbum
980 1352 1039 1413 vim
1064 1353 1236 1434 perficiendi
1260 1353 1365 1415 habere
1394 1353 1471 1415 sicut
1491 1362 1570 1415 recte

215 1455 299 1530 tt‚2
323 1455 353 1517 el
374 1453 419 1538 μὴ
447 1451 544 1527 αὐτὸς
565 1452 807 1537 τετελειολκοιμι
831 1454 1051 1540 τελειωθῆναι
1075 1452 1141 1520 ὑπὸ
1163 1460 1229 1520 τῶν
1250 1455 1337 1538 ἐμῶν
1359 1452 1571 1540 κληρονόμων

212 1557 358 1631 ἐπέταξα
380 1557 523 1637 scriptum
547 1566 592 1618 est
614 1557 653 1638 (si
672 1562 753 1620 orbus
774 1578 833 1620 non
851 1562 1033 1639 perfecissem
1053 1562 1157 1643 perfici
1176 1562 1211 1623 ab
1233 1561 1381 1624 heredebus
1401 1561 1495 1643 iusi),
1518 1560 1569 1623 sed

212 1681 308 1742 neque
335 1661 364 1735 3,
381 1661 420 1722 21
451 1671 528 1722 recte
556 1661 644 1722 habel
671 1661 791 1723 verbum
823 1662 854 1722 in
881 1661 927 1722 his
956 1656 978 1722 ἃ
1004 1660 1041 1724 δὲ
1068 1660 1142 1726 τότε
1170 1661 1214 1725 δι’
1241 1661 1322 1745 ἐμοῦ
1351 1660 1370 1748 'l
1393 1661 1571 1747 σύγκλητος

214 1766 470 1846 οἰκονομεῖσθαι
487 1761 654 1844 ἐβούλετο,
670 1761 870 1843 -ἐτέλεσα,
887 1783 983 1844 neque
1005 1766 1034 1839 6,
1051 1765 1101 1826 21.
1118 1764 1158 1825 22
1181 1765 1210 1826 in
1225 1764 1272 1826 his
1288 1765 1353 1828 τῦν
1368 1764 1571 1848 πραγμάτων

169 1873 171 1880 ’
212 1867 296 1931 κατά
319 1865 377 1942 τὰς
400 1863 495 1948 εὐχὰς
512 1865 735 1930 τελεσθέντων
742 1894 753 1943 ,-
782 1876 887 1929 neutro
907 1868 986 1929 enim
1005 1869 1070 1930 loco
1089 1869 1264 1931 termmaudi
1282 1869 1363 1932 notio
1381 1869 1570 1951 exprimenda

212 1972 277 2034 luit.
314 1972 417 2033 Potest
437 1971 557 2050 quidem
579 1975 675 2032 minor
696 1971 911 2050 comparativus
933 1979 962 2032 et
978 1965 1082 2053 ἧτταν
1096 1980 1126 2033 et
1140 1969 1284 2038 ἐλάττων
1298 1995 1372 2050 εεεε,
1400 1973 1450 2036 ssd
1465 1971 1569 2034 vitiose

211 2076 259 2137 ille
281 2075 399 2156 scripsit
424 2074 472 2148 13,
489 2073 508 2133 2
531 2067 567 2134 ai
591 2071 628 2134 dd
651 2068 787 2156 ἥσσονες
803 2070 939 2146 πλείους
954 2071 1186 2157 ἐναυμάχησαν
1201 2078 1310 2158 (plures
1325 2091 1419 2142 aretem
1433 2074 1569 2155 minares)

212 2198 267 2241 nec
289 2178 381 2257 magis
403 2187 482 2240 recte
504 2176 535 2237 in
557 2175 689 2237 oratione
712 2177 799 2238 etiam
823 2177 880 2238 alio
902 2176 1021 2238 nomine
1044 2178 1234 2259 vituperanda
1258 2180 1321 2255 8‚v
1345 2187 1470 2252 uterere
1491 2177 1569 2261 ἐμαί

211 2275 384 2354 ἐπιδόσεις
406 2276 566 2343 οὐδέποτε
589 2271 691 2361 ἧσσον
712 2267 822 2363 η’λθον
845 2279 892 2351 είς
915 2274 1042 2362 ἀνδρῶν
1063 2278 1227 2362 μυριάδας
1250 2285 1357 2346 εἴκοσι
1373 2285 1472 2346 πέντε
1487 2284 1569 2364 (per-

211 2395 351 2447 venemm
379 2383 418 2446 ad
444 2384 593 2446 bominum
618 2384 699 2446 milia
728 2401 876 2464 nunquam
901 2386 998 2443 minus
1026 2402 1041 2442 ε
1067 2392 1093 2444 et
1115 2389 1175 2456 cc).
1225 2386 1327 2448 Potest
1354 2387 1473 2466 quidem
1495 2387 1570 2465 βίος

211 2489 291 2550 idem
313 2507 377 2550 esse
399 2507 433 2550 ac
455 2491 543 2549 uictus
565 2487 654 2567 (βίον
677 2483 762 2564 ἔχειν
784 2480 965 2557 ἀπότινος
987 2487 1032 2547 vel
1055 2482 1089 2546 ε”κ
1112 2488 1228 2568 τινος),
1259 2488 1306 2549 vix
1328 2508 1397 2551 vero
1418 2490 1568 2568 Augustus

212 2593 238 2654 si
261 2593 368 2655 Graece
390 2591 556 2672 scripsisset
578 2591 613 2651 de
637 2607 668 2650 se
691 2589 786 2651 dicere
813 2596 929 2668 poteret
954 2588 1033 2668 quod
1062 2591 1206 2653 dicentem
1236 2609 1305 2652 eum
1331 2592 1400 2654 lacit
1421 2592 1569 2672 interpres

213 2695 278 2770 8‚4
299 2691 428 2758 δάδεκα
451 2689 696 2775 σιτομετρησεις
718 2690 753 2754 ἐκ
775 2692 834 2755 τοῦ
857 2683 937 2774 ἐμοῦ
953 2692 1030 2771 βίον
1053 2688 1265 2776 άπεμέτρησα
1287 2693 1446 2776 (frumento
1464 2698 1569 2775 priua-

212 2805 263 2863 tim
285 2797 432 2878 coempto).
476 2796 579 2858 Potest
600 2794 718 2874 quidem
741 2795 911 2875 saepissime
934 2797 1089 2877 accipie-udi
1113 2796 1234 2858 verbum
1258 2793 1374 2878 λαβεῖν
1399 2797 1486 2871 verti,
1508 2814 1569 2858 non

211 2902 309 2983 potuit
339 2902 387 2974 11,
405 2899 444 2962 23
467 2899 524 2960 dici
549 2897 609 2971 τὰς
636 2897 684 2971 εἰς
711 2895 768 2959 τὸν
801 2899 965 2982 στέφανον
993 2895 1191 2976 ἐπαγγελίας
1219 2893 1277 2960 οῦκ
1306 2891 1426 2980 ἔλαβον
1454 2918 1508 2980 pro
1534 2917 1569 2960 eo

211 3005 290 3085 quod
316 3012 363 3065 est
391 2999 429 3066 οὐ
456 2996 717 3085 προσεδεξάμην.
772 2999 872 3080 Longe
899 3021 969 3063 vero
995 3002 1263 3065 luculentissimum
1297 3002 1450 3082 imperitae
1482 3001 1570 3064 huius

211 3101 428 3189 άκυρολογίας
450 3105 616 3185 exemplum
641 3112 719 3166 extat
743 3105 792 3178 11,
807 3103 857 3178 20,
881 3103 932 3166 ubi
954 3124 1028 3183 quae
1051 3107 1167 3188 scripsit
1186 3107 1336 3186 Augustus
1356 3110 1425 3167 auri
1438 3108 1573 3167 emonari

210 3211 303 3292 pondo
332 3213 450 3289 triginta
479 3219 504 3270 et
529 3212 649 3288 quicque
675 3206 768 3268 millia
794 3211 955 3288 municipiis
980 3219 1006 3270 et
1034 3209 1140 3273 colonis
1162 3209 1263 3272 ltaliae
1294 3207 1504 3289 conserentibus
1532 3209 1571 3270 ad

211 3312 369 3393 triumpbos
391 3329 467 3374 meos
489 3315 619 3392 ηιιιῖιῖυοι
640 3310 738 3371 ουκευλ
758 3314 869 3381 remisi,
899 3329 931 3372 ea
953 3311 1099 3392 interpres
1127 3311 1170 3374 sic
1196 3310 1425 3393 repraesentavit
1447 3310 1571 3372 Graece:

212 3417 260 3489 είς
280 3415 421 3498 χρυσοῦν
444 3409 609 3496 στέφανον
623 3411 759 3496 λειτρῶν
774 3415 975 3496 τρισμυρίων
991 3412 1285 3494 πεντακισχειλίων
1307 3408 1571 3494 καταφεροῦσαις

211 3529 285 3592 ταῖς
312 3517 348 3582 έν
370 3514 492 3596 Ἰταλίᾳ
519 3515 707 3589 πολιτείαις
733 3515 790 3576 καὶ
820 3511 996 3594 ἀποικίαις
1030 3512 1302 3600 συνεχώρησα.
1357 3515 1485 3596 Apparet
1516 3516 1572 3576 hoc

212 3622 275 3684 loco
298 3631 480 3704 συγχωρεῖν
501 3639 561 3682 non
575 3621 741 3683 remittendi
760 3623 810 3682 sed
830 3627 1014 3702 permittendi
1034 3624 1092 3686 vim
1115 3622 1222 3684 habere
1237 3621 1380 3702 planeque
1395 3618 1571 3682 contrariam

212 3744 246 3788 ac
271 3726 402 3787 voluerat
430 3723 556 3805 scriptor
584 3724 661 3785 ellici
688 3725 876 3787 sententiam.
931 3727 1032 3789 Potest
1065 3745 1135 3789 sane
1166 3734 1346 3806 συγχωρεῖν
1373 3724 1450 3786 idem
1479 3722 1572 3784 valera

211 3829 290 3911 quod
311 3833 468 3899 remittere,
497 3827 548 3888 sed
571 3825 724 3907 pecuniam
749 3828 873 3890 oblatam
906 3830 966 3891 sive
988 3829 1116 3891 debitam
1139 3827 1289 3889 remittere
1312 3827 1419 3889 Graece
1446 3843 1505 3888 non
1528 3835 1574 3886 est

212 3941 392 4011 συγχωρεῖν
418 3931 469 3992 sed
501 3931 660 4013 μεθιέναι
690 3929 809 4006 (Herod.
832 3931 954 4011 v159).
1004 3931 1081 3992 llaec
1108 3930 1221 4003 omnia,
1248 3949 1323 4008 quae
1352 3927 1573 4008 nullanegotia

211 4036 311 4117 augeri
340 4043 488 4116 poterant,
518 4034 543 4095 si
574 4052 641 4095 cum
665 4033 851 4114 paucissimis
880 4053 960 4097 rarae
988 4035 1147 4114 elegantiae
1176 4032 1317 4113 exemplis
1347 4031 1506 4094 contuleris
1532 4065 1575 4077 -

211 4140 276 4201 vide
305 4147 373 4200 ante
401 4137 501 4198 omnia
531 4137 579 4210 14,
596 4136 634 4197 21
660 4135 819 4210 πλείστας
849 4135 965 4210 πόλεις
994 4130 1218 4220 δοριαλώτους
1246 4131 1362 4212 ἔλαβεν
1390 4133 1575 4214 (simpliciter

211 4245 363 4324 Augustus
392 4241 542 4320 complura
569 4240 673 4320 oppida
700 4239 795 4320 copto)
817 4273 860 4284 -
881 4239 929 4300 vix
958 4238 1069 4319 poteris
1100 4238 1299 4318 suspicionem
1328 4237 1430 4319 procul
1458 4236 1573 4310 habere,

212 4347 404 4427 interpretem
428 4341 558 4406 adhibito
581 4341 722 4423 glossario
743 4361 806 4403 rem
830 4342 971 4422 gessisse:
1000 4361 1035 4403 cx
1069 4340 1209 4421 glossario
1232 4349 1347 4423 poterat
1368 4349 1467 4422 petere
1494 4359 1573 4401 rem-

209 4450 355 4530 publicam
377 4446 549 4527 explicatam
572 4445 614 4507 τὰ
634 4443 730 4508 κοινὰ
753 4442 942 4527 πράγματα,
961 4445 1100 4526 perficere
1121 4440 1236 4518 τελεῖν,
1258 4443 1409 4524 adsignare
1429 4439 1575 4523 μερίζειν

213 4552 258 4627 (8,
276 4550 343 4632 22),
371 4549 511 4612 rebellare
543 4542 766 4631 ἄναπολεμεῖν
793 4547 857 4627 (15,
874 4547 903 4621 8,
932 4547 983 4609 ubi
1014 4546 1138 4608 debebat
1164 4543 1368 4629 νεωτερίζειν
1390 4544 1513 4624 δίοετε);
1539 4563 1575 4606 ex

213 4655 354 4736 glossario
375 4651 468 4716 etiam
490 4651 786 4732 interpretamentum
810 4651 938 4732 sumpsit
962 4650 1043 4724 18,1
1069 4645 1087 4713 ὁ
1111 4647 1243 4732 δρῦινος
1265 4644 1457 4732 στέφανοςὸ
1480 4645 1576 4711 διδό-

213 4779 308 4840 μενος
341 4755 399 4820 έπλ
431 4755 579 4836 σωτηρίᾳ
609 4755 675 4818 τιῦν
708 4753 855 4819 πολιτῶν
886 4757 1006 4833 (corono
1037 4756 1127 4816 ciuica
1160 4753 1317 4834 scripserat
1348 4753 1511 4831 Augustus)
1547 4761 1577 4812 et
