3656 5444
770 382 818 450 av,
840 385 907 438 1-e
1472 387 1511 451 81

165 567 313 628 interdum
336 565 482 630 circenses
505 563 647 642 spectavit
663 563 756 640 (Suet.
771 562 844 642 Aug.
861 564 919 636 45;
941 561 1040 624 Claud.
1057 563 1099 643 4).
1139 563 1266 624 Graecus
1289 562 1432 644 interpres
1444 564 1514 645 pul-

164 673 251 730 uinar
272 669 328 729 hoc
349 668 413 728 loco
436 666 562 729 reddidit
584 663 673 740 ναόν,
695 665 726 727 in
749 665 910 728 summario
933 665 1040 727 omisit.

265 771 352 833 Aedes
383 775 414 832 iu
444 770 581 852 Capitolio
611 769 685 832 lovis
710 769 831 850 feretrii.
883 767 925 829 Gt.
949 769 1052 830 lordan
1079 768 1110 830 in
1137 768 1343 849 topographiae
1372 770 1427 832 rol.
1446 772 1472 844 1,
1495 770 1515 831 2

163 893 192 955 p.
216 876 266 935 47.
303 874 400 955 Nepos
422 873 480 935 att.
497 873 551 935 2οε
576 874 688 944 oceidit,
712 891 776 934 eum
797 873 873 934 aedas
894 853 967 934 locas
988 873 1102 953 serettii
1121 876 1152 934 ia
1177 872 1316 952 Capitolio
1337 874 1372 936 ad
1395 873 1516 936 llomalo

164 982 314 1040 emutituta
335 987 470 1041 vetustate
492 987 574 1058 atque
596 979 709 1038 incuria
732 975 837 1037 detecto
854 974 1067 1054 prolaberetur,
1088 985 1121 1037 at
1143 975 1227 1038 Attici
1247 977 1393 1040 admmu'tu
1409 977 1517 1040 Caesar

164 1100 227 1143 eam
250 1081 431 1162 refiemcdom
453 1089 576 1143 curaret.
614 1078 674 1139 Liv.
691 1080 720 1152 4,
743 1077 798 1139 2οι
820 1077 872 1139 ior
892 1097 941 1159 epo
964 1098 1027 1140 oum
1042 1081 1200 1159 Augustum
1217 1077 1375 1152 Caesarem,
1397 1081 1517 1161 templo-

163 1202 232 1245 ram
253 1187 380 1246 omm’am
402 1185 574 1246 emditorem
596 1201 629 1245 aa
651 1185 854 1252 restitutorem,
881 1185 1039 1262 inpressum
1061 1183 1158 1244 oedem
1179 1183 1293 1262 feretrii
1312 1183 1401 1255 louis,
1431 1203 1517 1265 quam

164 1295 300 1349 vetustate
317 1287 459 1367 dilapsam
479 1288 594 1366 refecit,
620 1305 649 1347 se
678 1289 773 1365 ipsum
797 1289 829 1347 ia
850 1285 963 1348 llorere
986 1287 1070 1348 la'ateo
1092 1291 1228 1368 scriptum
1250 1288 1345 1368 legisse
1366 1289 1516 1350 audissem.

164 1389 278 1452 Atticus
301 1399 436 1452 mortuus
459 1400 504 1452 est
525 1409 550 1451 a.
567 1410 595 1452 u.
612 1408 636 1450 c.
654 1388 714 1450 722
738 1387 912 1469 scripsitque
934 1388 1009 1450 hanc
1024 1387 1101 1451 ritae
1115 1399 1228 1469 partem
1244 1399 1405 1453 extremam
1421 1391 1517 1472 Nepos

165 1494 279 1556 devicto
298 1495 425 1557 Antonio
452 1495 488 1556 ad
514 1493 630 1556 nouum
655 1498 691 1565 (ο.
708 1491 758 1565 20,
781 1492 812 1568 5)
836 1511 932 1571 neque
954 1501 1052 1554 tamen
1075 1499 1143 1572 post
1163 1513 1188 1554 a.
1205 1492 1266 1554 725
1288 1493 1370 1574 (narn
1393 1495 1518 1574 graviter

166 1603 246 1658 errat
266 1596 467 1678 Nipperdeius,
490 1616 557 1659 curn
580 1596 654 1677 prol.
669 1615 698 1676 p.
715 1613 773 1657 aru
795 1605 862 1670 aute
884 1615 908 1658 a.
926 1595 987 1656 725
1004 1595 1156 1657 Caesarem
1178 1596 1385 1678 imperatorem
1405 1597 1517 1661 dictum

164 1720 230 1762 esse
252 1700 364 1781 negat),
390 1703 514 1762 fortasse
536 1701 600 1780 ipso
621 1718 699 1761 anno
720 1716 835 1780 pugnae
856 1699 988 1761 Actiacae
1011 1698 1082 1769 723,
1105 1719 1163 1780 qao
1185 1699 1256 1764 item
1278 1702 1364 1764 aedes
1384 1701 1517 1765 restituta

164 1805 280 1867 ridetur
302 1823 375 1866 esse.

265 1909 352 1971 dedas
373 1912 404 1968 ia
429 1906 568 2011 quitolio
589 1903 664 1966 louis
685 1909 819 1968 tonantis.
853 1906 895 1982 Cl.
911 1905 1017 1968 lordan
1040 1907 1070 1968 in
1094 1905 1281 1988 topographia
1305 1906 1385 1970 urbis
1408 1905 1518 1968 Romae

166 2011 222 2074 rol.
241 2013 268 2084 t,
291 2011 310 2070 2
334 2031 361 2091 p.
378 2009 427 2072 48.
472 2009 557 2071 Vovit
585 2007 685 2071 aedem
709 2009 858 2089 Augustus
884 2029 909 2071 a.
927 2009 1035 2084 72819,
1068 2029 1132 2072 oum
1153 2010 1327 2090 eapeditime
1351 2009 1519 2076 Camadm'm

164 2135 215 2196 per
242 2125 415 2177 modernum
442 2117 496 2176 iter
518 2113 645 2175 lecticam
665 2117 724 2174 eim
745 2112 848 2193 sulpur
865 2117 1100 2193 praestaiam‘sset
1122 2132 1288 2195 seruumque
1307 2114 1519 2193 praelucentem

165 2223 356 2281 eaoaiamset
378 2217 471 2293 (Suet.
491 2218 564 2296 dag.
585 2215 649 2292 29),
675 2216 818 2278 dedicavit
843 2236 868 2277 a.
893 2215 953 2278 732
978 2217 1057 2297 Sept
1081 2217 1096 2276 1
1128 2216 1272 2296 (111054,
1300 2217 1334 2290 4;
1363 2214 1394 2278 C.
1409 2216 1432 2277 Ι.
1448 2215 1480 2277 L.
1496 2217 1518 2288 l,

166 2323 251 2399 400).
294 2322 525 2402 Repraesentant
550 2320 651 2381 aedem
678 2319 794 2381 nummi
814 2319 949 2402 inscripti
972 2319 1046 2382 louis
1067 2324 1190 2382 toaamis
1213 2319 1382 2381 similiterve
1403 2319 1517 2399 (Cohcn

166 2426 239 2506 kug.
258 2424 433 2488 178-180.
458 2422 646 2503 184-186).

267 2530 355 2592 Aedes
371 2529 495 2601 Quirim.
533 2526 574 2588 Cf.
591 2527 701 2588 Becker
716 2545 743 2606 p.
760 2527 837 2602 571;
858 2525 963 2587 lordan
977 2526 1043 2607 eph.
1060 2525 1150 2607 epigr.
1168 2526 1184 2585 1
1202 2545 1230 2606 p.
1247 2524 1309 2588 236
1322 2545 1382 2606 seq.
1409 2527 1517 2590 dedam

167 2635 243 2695 hanc
267 2634 299 2694 in
328 2633 401 2695 colle
428 2630 570 2704 Quirinali
599 2629 742 2692 dedicavit
768 2630 917 2709 Augustus
946 2648 971 2691 a.
994 2629 1069 2704 738,
1096 2627 1131 2691 ἐκ
1157 2629 1270 2712 καινῆς
1298 2625 1519 2715 οἰκοδομήσας

167 2736 233 2814 (uio
256 2738 306 2810 54,
331 2736 398 2816 19),
427 2753 522 2814 neque
545 2733 649 2806 obstat,
672 2733 751 2812 quod
772 2733 926 2813 aliquando
947 2733 1063 2795 obstare
1085 2733 1184 2813 putavi
1207 2733 1250 2813 (C.
1267 2733 1289 2794 l.
1306 2732 1338 2793 L.
1360 2734 1416 2814 lp.
1433 2734 1517 2815 395),

168 2838 247 2920 quod
270 2839 437 2900 nominatur
458 2837 514 2898 iam
536 2836 614 2916 apud
629 2835 795 2898 Vitruvium
810 2835 839 2910 3,
856 2836 885 2911 2,
902 2838 930 2910 7,
946 2855 1014 2898 nam
1029 2855 1209 2917 quamquam
1225 2855 1292 2898 eum
1308 2837 1518 2916 praelationem

168 2950 246 3004 certe
270 2941 420 3022 scripsisse
441 2949 509 3002 ante
531 2959 556 3002 a.
574 2939 634 3000 727
657 2949 735 3001 recte
751 2938 956 3002 Lachmannus
980 2941 1060 3021 (opp.
1078 2938 1183 3001 min.2
1205 2959 1233 3020 p.
1252 2939 1325 3015 164)
1348 2940 1520 3016 observarit,

169 3045 276 3107 librum
304 3045 442 3125 quintum
471 3052 538 3123 post
563 3061 631 3105 eum
655 3061 764 3104 aunum
788 3041 911 3105 ediderit
932 3061 1052 3105 necesse
1074 3055 1119 3106 est
1141 3043 1222 3123 (nam
1245 3043 1370 3122 Augusti
1392 3043 1520 3106 nominis

170 3147 304 3210 meminit
326 3148 354 3220 5,
380 3149 406 3221 1,
430 3148 462 3222 7)
485 3155 640 3227 potestque
663 3146 747 3208 aedes
770 3145 880 3226 aliquot
901 3145 986 3208 annis
1008 3155 1076 3208 ante
1098 3166 1124 3209 a.
1141 3145 1201 3209 738
1224 3139 1359 3210 incohata
1381 3167 1447 3210 esse
1468 3134 1538 3210 rte-⁶

170 3261 249 3314 tusta
270 3250 340 3312 aede
363 3250 467 3325 diruta,
492 3259 525 3311 ut
546 3268 621 3311 nova
644 3251 747 3312 eudem
770 3250 833 3312 solo
854 3251 946 3312 fieret.

269 3353 356 3415 Aedes
384 3353 471 3432 (tres)
494 3352 638 3415 diiaeroae
663 3364 688 3415 et
717 3351 836 3414 lunonis
857 3350 982 3434 Reginae
1007 3363 1033 3414 et
1055 3350 1130 3415 louis
1152 3351 1301 3418 Libertatis
1322 3359 1353 3418 ia
1375 3356 1520 3419 Aventino.

171 3457 214 3520 Cf.
232 3455 342 3518 Becker
363 3456 399 3518 de
420 3455 515 3536 prima
537 3475 567 3536 p.
583 3457 655 3530 454,
678 3456 714 3518 de
736 3454 864 3518 secunda
886 3475 915 3536 p.
932 3455 1003 3529 452,
1027 3454 1062 3516 de
1084 3457 1169 3520 tertia
1191 3477 1219 3538 p.
1236 3459 1298 3519 457
1320 3467 1350 3520 et
1373 3459 1444 3521 721.
1480 3459 1522 3522 lle

170 3560 237 3621 lore
259 3559 419 3632 Libertate,
449 3559 500 3638 qui
523 3557 605 3633 Ζεύς
627 3557 818 3641 ἐλευθέριος
840 3559 947 3622 dicitur
968 3559 1137 3640 interpreti,
1167 3561 1378 3625 dubitationem
1401 3583 1520 3626 omnem

171 3663 278 3725 tollunt
306 3661 382 3725 titrdi
409 3661 468 3723 iani
497 3663 567 3725 satis
590 3663 653 3726 noti
675 3662 813 3724 Orelliani
838 3662 929 3724 1249.
954 3662 1045 3725 1282.
1091 3664 1185 3726 kades
1206 3665 1259 3726 has
1281 3674 1341 3727 uas
1363 3667 1521 3729 numinum

171 3765 261 3828 trium
278 3765 507 3847 Capitolinorum
524 3766 678 3846 Zumptius
700 3765 793 3828 credit
813 3784 873 3828 non
897 3785 966 3828 casu
981 3763 1128 3848 coniungi,
1152 3769 1201 3830 sed
1217 3769 1376 3831 sacrarium
1392 3769 1521 3831 effecisse

171 3869 365 3950 tripertitum3
392 3868 421 3931 id
450 3869 476 3930 si
503 3887 604 3931 verum
636 3877 696 3944 est,
724 3868 827 3931 habuit
852 3878 886 3932 ut
912 3869 1054 3951 Tarpeius
1081 3888 1167 3933 mons
1195 3882 1225 3933 et
1252 3871 1333 3933 collis
1363 3871 1522 3944 Quirinalia

171 3972 275 4053 (Varro
298 3973 317 4033 1.
338 3972 357 4033 l.
378 3974 413 4046 5,
443 3972 517 4046 158;
544 3972 654 4034 Becker
681 3991 709 4053 p.
730 3973 804 4048 577)
833 3973 920 4035 etiam
949 3974 1111 4036 Aventinus
1142 3993 1230 4036 suurn
1259 3984 1408 4054 tamquam
1435 3975 1522 4055 Capi-

173 4077 285 4140 tolium.
337 4076 377 4138 Be
410 4076 523 4156 origine
553 4076 609 4138 hoo
636 4085 749 4138 tantum
777 4077 942 4156 accepimus
964 4077 1064 4139 aedem
1088 4077 1208 4140 lunonis
1230 4081 1335 4141 iactam
1358 4097 1422 4140 esse
1444 4077 1522 4140 Veiis

171 4181 263 4262 captis
292 4199 308 4242 a
335 4179 469 4254 Camill03
496 4179 654 4252 Minervae,
685 4199 760 4260 quae
792 4181 877 4242 aedes
904 4188 981 4242 certe
1009 4179 1105 4244 extitit
1133 4181 1191 4242 iarn
1218 4181 1295 4243 bellu
1322 4181 1521 4256 Hannihalioo,

171 4284 305 4364 lorisque
327 4285 442 4364 quando
464 4284 611 4346 dedicatae
634 4283 694 4345 sint
715 4285 876 4362 ignoratur.
912 4283 989 4346 Fieri
1010 4292 1108 4364 potest
1129 4293 1163 4347 at
1184 4287 1237 4347 has
1251 4303 1369 4364 quoque
1384 4284 1522 4348 Camillus

173 4387 308 4450 excimrit
329 4389 476 4469 triumque
498 4389 602 4450 harum
626 4387 742 4450 aedium
766 4389 847 4468 origo
869 4387 1036 4449 communis
1057 4387 1104 4450 sit.
1140 4388 1426 4472 0pp0nitlordauus
1441 4388 1521 4469 (eph.

173 4491 264 4572 epigr.
283 4494 297 4553 1
322 4512 350 4573 p.
367 4491 443 4572 237)
473 4492 638 4572 Augustum
665 4510 726 4552 non
754 4491 791 4552 dd
817 4491 887 4554 aede
909 4492 996 4553 rerba
1018 4496 1126 4566 lacere,
1154 4493 1206 4555 sed
1228 4493 1263 4554 de
1285 4491 1405 4554 aedibus
1428 4491 1522 4554 uillas

173 4615 333 4677 earumque
354 4595 465 4657 natales
487 4595 617 4657 diversos
639 4615 712 4669 esse,
735 4605 857 4658 eatenus
879 4604 957 4658 recte
979 4596 1109 4669 omnino,
1126 4596 1205 4676 quod
1228 4596 1263 4658 de
1285 4595 1430 4676 tripertita
1452 4595 1522 4656 aede

173 4699 204 4762 in
227 4700 370 4763 Aventino
397 4699 517 4779 cogitari
545 4717 605 4761 non
635 4707 744 4780 potest3
775 4718 829 4762 nec
860 4710 957 4762 tamen
979 4719 1049 4762 casu
1072 4699 1127 4761 tria
1149 4699 1271 4762 numina
1293 4697 1454 4779 Capitolina
1475 4698 1524 4760 hio

174 4803 310 4866 rideatur
340 4802 495 4866 coniuncta
518 4803 684 4883 proaedere.
721 4803 869 4883 Augustus
883 4823 942 4883 quo
966 4813 1096 4885 tempore
1118 4823 1167 4864 eas
1189 4801 1352 4864 restituerit
1371 4819 1440 4864 cum
1463 4819 1523 4862 non

1346 4903 1363 4956 6
