3656 5444
286 297 327 361 56
887 295 940 360 ΙΠ,
962 298 1028 350 1-6

285 495 351 538 rum
382 494 440 537 non
472 475 533 538 sint
557 475 613 538 nisi
644 476 775 557 ipsorum
806 475 938 557 equitum
961 475 1065 550 duces,
1095 477 1159 538 feri
1180 496 1239 539 non
1262 487 1368 560 potest,
1395 477 1467 558 quin
1490 479 1634 542 etiamad

286 581 395 642 saviros
417 579 458 641 illi
481 579 627 661 principes
648 579 865 660 quodammodo
891 579 1087 661 pertinuerint
1114 591 1145 643 et
1170 580 1248 642 inter
1274 601 1323 642 eos
1350 583 1539 662 potissimum
1561 585 1635 646 emi-

286 683 414 746 nuerint.
458 683 557 763 Neque
585 683 648 746 eius
671 683 884 745 coniunctionis
904 693 1075 762 argumenta
1099 683 1246 755 deficiunt,
1268 693 1348 746 recte
1370 687 1511 767 explicata
1528 709 1543 749 a
1559 688 1635 750 llar-

286 786 420 866 quardtio
443 787 523 867 (bist.
540 806 585 865 eq.
600 807 628 867 p.
646 786 708 863 76).
752 786 795 848 lta
817 786 943 849 Zonaras
965 786 1010 848 vel
1032 787 1129 869 potius
1151 786 1204 849 Dio
1226 788 1290 850 loco
1316 789 1403 852 modo
1426 791 1521 854 adlato
1543 791 1636 872 iungit

287 891 481 970 principatum
511 889 671 952 iuventutis
701 897 731 952 et
759 889 916 952 sericatum
945 899 1073 965 turmam
1101 891 1140 954 ita
1168 892 1205 953 Μ.
1222 892 1372 954 Aurelium
1393 895 1546 958 Caesarem
1569 913 1635 958 cum

286 993 339 1054 bio
362 995 412 1067 11,
436 993 475 1055 35
504 994 612 1056 scribat
633 1003 782 1074 tamquam
805 993 967 1075 principem
990 994 1134 1074 equestris
1157 994 1268 1058 ordinis
1290 993 1481 1080 (πρόκριτον
1502 999 1557 1081 τῆς
1580 995 1636 1061 irr-

288 1092 411 1177 πάδος)
431 1117 498 1159 666
522 1097 642 1178 reliquis
664 1096 811 1176 equitibus
834 1115 972 1179 pompam
995 1098 1122 1170 duxisse,
1146 1098 1322 1181 biographus
1346 1101 1409 1162 eius
1432 1103 1492 1162 cb
1516 1101 1635 1164 eandem

287 1201 350 1262 sinc
373 1201 461 1263 dubio
483 1220 546 1264 rem
570 1201 612 1263 sic
633 1201 718 1262 eflert
732 1200 858 1263 sevirum
882 1220 950 1262 eum
973 1210 1104 1264 creatum
1126 1221 1190 1263 csse
1214 1201 1319 1264 turmis
1339 1203 1473 1282 equitum
1488 1202 1636 1265 Romano-

287 1323 365 1366 rum.
403 1305 499 1378 Quare
521 1304 667 1386 principes
689 1303 850 1367 iuventutis
872 1305 974 1366 aetatis
995 1304 1201 1387 imperatoriae
1222 1305 1410 1386 probabiliter
1431 1315 1601 1387 repetentur
1621 1327 1637 1368 a

290 1408 392 1470 scricis
414 1408 470 1471 illis
492 1406 744 1488 vetustissimis1).
782 1406 902 1487 Equites
924 1417 1022 1471 autem
1045 1408 1168 1469 Romani
1192 1409 1342 1471 turmatim
1364 1409 1490 1472 ordinati
1505 1411 1638 1473 videntur

291 1513 382 1574 fuisse
410 1512 590 1593 singulisque
618 1511 724 1574 turmis
746 1531 870 1573 numero
893 1511 1101 1592 quinquaginta
1124 1521 1263 1592 quattuor
1284 1513 1446 1594 praefuisse
1468 1514 1638 1578 decuriones

289 1616 365 1678 terni
391 1624 421 1678 ct
447 1616 580 1697 optiones
605 1615 694 1690 terni,
722 1615 773 1695 qui
800 1624 871 1678 sont
896 1615 953 1697 ipsi
979 1615 1021 1677 illi
1048 1615 1134 1677 seriri
1162 1624 1201 1693 tv.
1221 1615 1291 1678 bist.
1311 1617 1395 1678 Rom.
1418 1637 1499 1681 meae
1527 1619 1637 1681 vol.1⁷

290 1739 319 1800 p.
336 1719 426 1798 786);
455 1719 531 1781 unde
558 1720 608 1799 qui
637 1718 952 1782 honorificentissimus
979 1719 1061 1782 locus
1088 1728 1150 1781 erat
1179 1719 1209 1780 in
1239 1719 1341 1782 ordine
1370 1721 1499 1800 equestri
1529 1723 1638 1803 primae

294 1833 407 1884 turmae
439 1822 529 1884 trium
559 1823 761 1898 decurionum,
784 1842 853 1885 eum
875 1822 1011 1886 videntur
1032 1842 1189 1906 occupasse
1213 1824 1301 1886 Gaius
1323 1833 1352 1886 et
1374 1825 1481 1888 Lucius
1504 1825 1638 1888 Caesares

292 1925 453 2006 reliquique
482 1927 627 2008 principes
655 1926 825 1990 iuventutis.
874 1926 947 1988 Nam
978 1928 1075 2008 plures
1103 1927 1193 1990 simul
1215 1927 1361 2010 principes
1394 1927 1555 1991 iuventutis
1577 1947 1639 1990 esse

291 2029 421 2110 potuisse
443 2031 646 2093 demonstrant
668 2039 727 2094 tam
750 2030 805 2111 ipsi
828 2031 863 2093 de
885 2031 992 2110 quibus
1007 2031 1120 2112 agimus
1135 2051 1224 2111 quam
1240 2042 1341 2113 postca
1354 2032 1518 2113 imperante
1532 2032 1640 2113 Vespa·

291 2135 375 2195 siano
398 2133 534 2195 Caesares
556 2133 640 2196 'litus
662 2142 692 2196 et
713 2133 905 2197 Domitianus.
947 2134 1049 2197 Fuisse
1072 2145 1170 2198 autem
1193 2155 1244 2198 cos
1266 2137 1291 2199 si
1313 2155 1373 2198 uon
1396 2145 1465 2210 tres,
1487 2145 1585 2198 tamen
1607 2155 1641 2197 ex

294 2237 398 2310 tribus,
422 2237 552 2300 ostendit
573 2238 699 2320 scriptor
719 2237 793 2300 ritae
810 2238 963 2302 Commodi
977 2257 1002 2300 c.
1020 2242 1055 2300 1:
1079 2239 1641 2320 666666666616166666661666666

293 2579 340 2630 que
359 2564 502 2616 iuventutis
521 2579 578 2616 osse
601 2563 731 2617 desineret
754 2579 858 2616 neeesse
881 2573 949 2629 arat3
972 2565 1047 2633 idque
1069 2581 1131 2616 vere
1154 2565 1191 2616 ita
1210 2565 1327 2616 evenisse
1351 2565 1421 2615 clare
1439 2566 1552 2617 ostendit
1569 2581 1642 2618 arcus

293 2653 439 2704 'l'icineusis
458 2653 494 2716 (C.
509 2653 538 2706 V.
557 2651 636 2718 6416)
653 2653 783 2704 dedicatus
806 2649 870 2702 Gaio
893 2659 920 2702 et
937 2651 1016 2704 Lucio
1040 2659 1221 2719 postmortem
1238 2652 1371 2718 utriusque
1391 2659 1418 2702 et
1435 2667 1485 2702 uon
1503 2653 1584 2718 illum,
1602 2652 1643 2718 qui

295 2741 361 2791 diem
383 2737 484 2791 functus
503 2746 543 2790 est
560 2739 712 2803 consularis,
730 2740 776 2791 666
793 2740 859 2789 1666
871 2737 961 2800 66166,
979 2737 1023 2804 qui
1035 2753 1111 2804 eques
1124 2736 1249 2788 llornauus
1262 2736 1334 2800 obiit,
1353 2735 1491 2803 principem
1504 2737 1643 2790 iuventutis

294 2825 431 2892 appellans.
472 2825 541 2892 Quod
563 2834 737 2891 argumentum
756 2825 878 2892 quomodo
897 2822 1067 2888 subterfugiat
1085 2823 1204 2886 liechies,
1223 2821 1321 2874 referre
1340 2823 1501 2889 supersedeo.
1530 2823 1644 2874 Adoreus

295 2920 377 2962 auteur
395 2913 486 2963 titulos
505 2929 553 2963 uou
572 2928 674 2979 paucos,
693 2913 734 2980 qui
753 2913 780 2963 C.
793 2911 896 2963 Caesari
914 2910 991 2962 etiam
1010 2919 1067 2978 post
1084 2913 1204 2962 bonorem
1222 2909 1428 2977 proconsularem
1446 2910 1561 2975 adeptum
1574 2910 1643 2977 prin-

295 2999 403 3064 cipatum
424 2999 567 3051 iuventutis
583 2999 739 3062 adscribunt,
758 3005 784 3049 et
801 2998 834 3048 iis
853 2997 1004 3049 seutentiam
1023 2997 1094 3049 illam
1113 3004 1185 3048 ratus
1203 2994 1300 3061 refelli,
1324 3011 1377 3046 reru
1395 2996 1426 3047 de
1445 3010 1492 3061 qua
1511 2997 1643 3061 agiturne

295 3085 336 3135 bic
354 3085 451 3152 quidem
465 3086 602 3152 perspexit.
631 3085 693 3137 Nem
706 3087 816 3136 bonores
834 3085 910 3136 etiam
929 3085 1059 3150 depositos
1071 3083 1143 3135 tituli
1163 3083 1240 3147 vulgo
1254 3082 1386 3134 enuntiant
1404 3097 1484 3148 neque
1497 3082 1563 3148 iude,
1581 3083 1644 3148 qood

296 3171 432 3238 principem
455 3171 599 3222 iuventutis
626 3187 680 3222 666
709 3179 766 3238 post
793 3179 899 3222 mortem
926 3170 1068 3238 appellant,
1095 3171 1148 3220 ullo
1175 3171 1247 3221 modo
1275 3167 1386 3220 eflicitur
1414 3184 1468 3220 666
1496 3169 1644 3220 morientem

297 3273 352 3308 eum
370 3258 453 3308 locum
476 3257 631 3322 obtinuisse,
655 3265 684 3308 ut
707 3273 762 3308 eum
780 3258 908 3310 consulem
925 3256 1081 3325 appellantes
1101 3273 1149 3308 uon
1167 3257 1247 3320 magis
1266 3262 1360 3320 negant
1377 3253 1472 3306 obiisse
1490 3262 1548 3321 post
1565 3253 1645 3306 fasces

297 3344 436 3410 depositos.
478 3343 527 3394 Sed
555 3345 649 3410 equitis
678 3343 783 3395 1166661
813 3344 929 3395 66661616
958 3344 1006 3394 boc
1033 3344 1162 3410 proprium
1189 3343 1278 3406 babet,
1304 3342 1369 3409 quod
1398 3341 1440 3406 qui
1470 3355 1502 3393 en
1533 3341 1646 3408 equestri

299 3431 387 3481 ordine
404 3431 435 3480 ad
455 3432 610 3481 senatorium
629 3438 812 3497 pervenerunt,
830 3431 873 3496 qui
891 3431 985 3481 solitus
1004 3438 1045 3482 cst
1061 3431 1182 3481 bonorum
1201 3430 1264 3479 6666
1282 3431 1346 3495 apud
1364 3427 1504 3494 11666666,
1522 3445 1572 3479 uuo
1589 3429 1645 3479 solo

298 3517 415 3583 exemplo
434 3523 538 3584 excepto
558 3517 595 3578 (C.
610 3516 651 3580 Vl,
665 3517 741 3584 1421)
759 3517 852 3583 equitis
870 3515 976 3568 bomani
995 3515 1119 3567 vocabulo
1138 3515 1266 3566 abstinent
1284 3530 1362 3581 ueque
1380 3515 1464 3566 cursui
1482 3515 1603 3566 bonorum
1620 3515 1646 3566 id

298 3604 422 3655 inserunt.
458 3602 485 3654 ld
511 3603 592 3668 ipsum
614 3603 746 3656 severiore
762 3603 825 3668 ¹lege
851 3604 927 3654 etiam
949 3603 982 3653 ad
1004 3603 1171 3670 principatum
1194 3603 1337 3654 iuventutis
1358 3602 1513 3669 pertinuisse
1532 3616 1563 3652 ex
1586 3616 1646 3651 areu

298 3689 428 3742 Ticineusi
447 3689 610 3754 intellegitur
622 3706 702 3758 oeque
714 3691 772 3742 iude
784 3691 839 3740 ullo
852 3691 923 3740 ruodo
936 3687 1094 3752 infringitur,
1111 3688 1175 3755 quod
1188 3705 1266 3756 prona
1279 3689 1391 3740 adulatio
1404 3696 1431 3740 et
1442 3687 1575 3740 remissior
1587 3704 1647 3738 usus

300 3785 397 3829 mature
420 3783 560 3842 equestrem
584 3777 752 3844 principatum
772 3777 803 3828 ab
821 3777 911 3829 ordine
929 3777 1051 3828 bonorum
1069 3775 1159 3828 abesae
1178 3777 1268 3828 uoluit.
1302 3773 1449 3828 Posteriora
1467 3782 1551 3826 aetate
1569 3774 1647 3841 ipsam

299 3864 379 3926 legem
402 3863 473 3915 illam
497 3863 670 3915 oblitteratam
694 3878 751 3914 6666
774 3871 801 3914 et
826 3863 993 3930 principatum
1017 3863 1158 3915 iuventutis
1181 3863 1236 3927 geri
1260 3878 1308 3913 uon
1332 3862 1439 3915 desitum
1458 3867 1515 3927 post
1532 3863 1647 3929 adeptum

298 3951 382 4002 locum
401 3950 555 4002 senatorium
575 3951 680 4016 primum
699 3950 725 4000 iu
745 3950 888 4001 Domitiano
907 3956 1011 4016 apparet
1031 3956 1056 4000 et
1074 3949 1190 4015 deinceps
1208 3949 1311 4000 mansit.

399 4037 421 4100 ¹)
445 4035 493 4102 Qui
515 4037 577 4088 baec
597 4036 647 4088 sibi
671 4051 748 4102 nuper
771 4035 904 4088 refutanda
927 4037 1034 4103 sumpsit
1057 4037 1122 4088 1666
1141 4033 1252 4086 11661166
1271 4035 1289 4086 l.
1308 4053 1329 4086 6.
1343 4052 1366 4102 p.
1380 4037 1411 4086 10
1429 4051 1480 4102 seq.
1498 4037 1648 4088 seutentiam

301 4138 377 4175 6666
401 4130 572 4175 utererteret
595 4125 733 4191 pervertit:
756 4139 834 4190 neque
861 4123 926 4175 6616
949 4124 997 4173 166
1019 4123 1071 4173 dini
1094 4123 1197 4173 eundem
1221 4136 1278 4172 ease
1301 4123 1413 4173 sevirum
1432 4123 1542 4189 equitum
1561 4123 1649 4175 flome-

301 4227 388 4263 norum
410 4219 436 4262 et
456 4211 594 4278 principem
614 4211 770 4275 iuventutis,
795 4212 838 4261 sed
859 4210 1018 4261 coniunctum
1042 4207 1121 4260 fuisse
1142 4215 1275 4275 utrumque
1300 4209 1429 4261 bonorem.
1468 4207 1575 4260 Scilicet
1595 4225 1650 4260 cum

302 4298 384 4349 seviri
408 4306 557 4364 praeessent
574 4296 657 4349 ordini
676 4298 803 4364 equestri,
827 4298 943 4362 princeps
962 4304 1045 4346 nutem
1065 4295 1203 4347 iuventutis
1222 4295 1281 4346 item
1300 4294 1403 4362 primum
1422 4295 1503 4347 locum
1523 4295 1651 4348 obtineret

302 4383 370 4433 iuter
394 4383 491 4434 nobiles
514 4381 638 4434 llourauos
663 4385 768 4435 noudum
792 4384 891 4434 senatui
919 4383 1074 4449 adscriptos,
1105 4381 1251 4433 necessario
1276 4381 1393 4447 sequitur
1417 4380 1521 4432 666666
1545 4383 1650 4449 primurn

304 4469 386 4518 locum
406 4469 472 4519 ioter
492 4469 591 4520 sericos
611 4470 765 4532 obtinuisse,
785 4469 858 4536 idque
877 4469 955 4536 ipsum
975 4469 1026 4519 loci
1045 4483 1120 4535 sopra
1139 4468 1214 4519 allati
1233 4467 1306 4534 plane
1324 4467 1481 4531 confirmant,
1500 4470 1650 4536 praesertim

304 4554 436 4605 secundus.
475 4553 537 4607 Nam
562 4557 676 4624 prinecps
701 4555 842 4608 inventutis
860 4555 915 4606 sive
933 4545 1078 4627 πρόκριτος
1095 4554 1142 4617 τῆς
1158 4545 1284 4618 νεότητος
1302 4561 1329 4604 et
1346 4554 1415 4605 sevir
1433 4555 1545 4622 equitum
1562 4554 1651 4607 Roma·

304 4656 404 4706 uorum,
427 4641 492 4692 alias
515 4639 1022 4712 1116616666116166φύλαρχος,6μ6616
1041 4641 1076 4692 ibi
1096 4642 1254 4705 coaluerunt,
1277 4647 1304 4690 ut
1323 4641 1358 4691 ita
1378 4641 1493 4706 prodiret
1510 4634 1653 4714 nptiaparot

302 4719 494 4794 661ςὶ666666.
