3656 5444
759 388 808 458 IV,
828 390 932 446 tt-to
1056 447 1058 452 ,
1480 391 1521 456 87

169 573 361 656 temptamina
387 580 488 635 nostra
514 569 611 653 priora
637 579 667 633 et
688 567 848 650 Bergkiana
874 588 979 652 parum
1005 568 1108 632 leliuia.
1130 605 1172 616 -
1194 570 1228 632 ln
1254 570 1311 631 line
1332 568 1397 632 eius
1418 587 1521 632 versus

169 697 237 740 uum
259 677 357 740 hiatus
378 675 473 757 capiat
493 674 606 738 litteras
628 693 654 736 o.
669 692 714 747 nv,
736 678 767 736 in
788 692 822 736 ea
843 672 1029 736 abiciendum
1044 671 1110 737 ierit.
1132 707 1174 718 -
1195 672 1267 735 Post
1278 667 1413 756 Ῥώμης,
1436 672 1520 735 ouius

167 779 199 843 in
222 798 369 844 marmure
388 787 588 860 agnoscuntur
602 775 751 859 reliquiae,
767 795 835 840 oum
851 785 918 840 outo
933 784 1049 840 tautum
1063 775 1176 840 litterae
1191 775 1335 851 deficiant,
1358 773 1391 850 ἐς
1405 775 1521 839 admitti

168 902 228 946 uun
255 893 362 966 potest.
411 883 460 946 Gr.
483 881 522 944 19
552 881 624 944 item
657 880 839 944 confirmavit
871 881 944 962 lapis
976 879 1055 962 quud
1088 879 1308 943 commendarat
1336 878 1520 943 Burmannus

168 984 402 1070 ἐπιδεομένων.
445 985 597 1049 Praeterea
620 985 821 1068 supplementa
844 1002 908 1047 mea
929 984 1053 1047 lectione
1076 984 1188 1066 expleta
1210 983 1381 1047 oonlirmata
1404 992 1483 1046 sunt.

267 1090 370 1153 Annus
395 1089 543 1152 indioatur
564 1087 635 1149 727.
679 1087 788 1151 liudem
811 1087 939 1170 pertinet
959 1087 1063 1152 titulus
1084 1107 1170 1152 araus
1191 1087 1385 1150 Ariminensis
1407 1108 1424 1150 a
1445 1088 1520 1151 Bur-

169 1212 277 1257 mannu
304 1194 349 1276 (C.
364 1194 386 1255 l.
402 1193 435 1255 L.
450 1193 500 1268 ill,
522 1193 584 1256 365
605 1220 648 1248 =
670 1192 787 1257 llunzeu
809 1193 906 1276 5360)
936 1194 973 1256 ab
1000 1193 1120 1274 vestigia
1149 1193 1185 1256 ab
1208 1193 1271 1275 ipso
1298 1191 1450 1272 diligenter
1471 1191 1520 1254 in-

166 1307 265 1380 speuta
286 1299 326 1361 ita
349 1297 421 1361 suite
443 1297 590 1380 expletus:

546 1445 678 1489 saunrvs
763 1457 772 1476 ·
860 1417 1047 1501 rorvuvsqo'a
1081 1449 1204 1487 remman

234 1523 286 1588 imp
380 1551 389 1568 ·
482 1521 583 1572 εαεεαεί
676 1517 733 1570 diat
822 1521 850 1588 s.
947 1522 1059 1589 augurato
1138 1521 1199 1588 einp.
1396 1525 1452 1590 sapt

237 1617 295 1662 cos
338 1630 347 1647 ·
391 1617 459 1661 sarr
495 1629 503 1646 ·
540 1616 689 1660 pasturum
725 1630 733 1645 ·
770 1615 921 1662 ocrnvou
960 1629 966 1644 ·
1003 1607 1051 1658 vra
1094 1605 1217 1672 flamiam
1287 1610 1313 1659 et
1330 1605 1452 1672 reliqueris

236 1703 460 1748 cataaeaaruars
493 1715 501 1733 ·
536 1703 648 1746 tratres
681 1715 690 1732 ·
723 1703 797 1746 varis
824 1716 832 1733 ·
861 1700 1003 1747 cousrtro
1030 1695 1055 1742 et
1072 1693 1218 1759 munitus
1238 1695 1293 1744 aas
1309 1705 1451 1748 manners

166 1826 241 1888 item
272 1823 431 1887 Suetonius
459 1823 544 1903 (Aug.
561 1821 615 1903 30)
643 1823 805 1904 desumpta,
832 1822 942 1905 inquit,
971 1823 1026 1886 sibi
1044 1822 1191 1886 Flaminia
1217 1827 1264 1887 oia
1285 1821 1413 1888 Arimino
1439 1835 1520 1889 tenua

166 1929 321 1991 manantia
346 1927 471 2009 reliquos
493 1926 710 2008 trtieuapbaliboe
732 1930 802 1989 υἰνίε
823 1947 838 1990 ε
859 1926 1021 1990 manubiali
1036 1929 1161 2007 paeanio
1182 1929 1348 1992 stemaeudas
1368 1930 1519 1994 distribuit.

166 2031 218 2094 llio
234 2050 350 2113 quoque
366 2029 416 2102 53,
432 2029 472 2091 22
487 2039 643 2113 postquem
658 2030 821 2094 observavit
835 2030 961 2113 reliquas
976 2029 1036 2092 uias
1051 2039 1133 2094 extra
1147 2031 1250 2095 urbem
1266 2031 1336 2096 alias
1350 2033 1415 2096 aliis
1430 2054 1518 2098 sena-

167 2135 280 2199 toribus
309 2135 464 2199 attributas
491 2153 555 2197 esse
580 2133 753 2196 reficiendas
778 2133 911 2216 ipsorum
938 2133 1074 2216 pecunia,
1101 2135 1157 2218 τῆς
1183 2133 1219 2198 δὲ
1247 2133 1287 2219 δὴ
1317 2135 1518 2220 (illaqueatae,

167 2239 274 2321 pergit,
304 2233 420 2313 αι’νιός,
448 2233 630 2320 ἐπειδήπερ
660 2233 906 2318 ἐπιστρατεύσειν
935 2237 983 2302 δι’
1011 2233 1110 2322 αὐτῆς
1136 2236 1286 2320 ἔμελλεν,
1315 2237 1518 2328 ἐπεμελήθη.

167 2342 222 2405 καὶ
252 2337 273 2426 q‘
294 2341 355 2424 μὲν
376 2334 478 2416 εὐθὺς
498 2337 572 2403 τότε
593 2335 720 2420 ἐγένετο
743 2339 799 2402 καὶ
821 2339 879 2404 διὰ
899 2341 995 2406 τοῦτο
1018 2340 1073 2404 καὶ
1096 2338 1220 2417 εἰκόνες
1241 2337 1330 2429 αὐτῷ
1352 2342 1412 2430 ἐφ’
1435 2342 1519 2431 ἁψί-

168 2444 234 2510 aaa
256 2442 292 2508 ἔν
312 2467 348 2507 τε
368 2444 407 2529 τῇ
428 2442 488 2507 τοῦ
507 2440 681 2526 Τιβέριδος
702 2441 829 2528 γεφύρᾳ
844 2443 899 2507 καὶ
915 2443 950 2508 ἐν
966 2440 1124 2528 ’Λριμίνῳ
1140 2442 1365 2530 ἐποιήθησαν.
1395 2448 1520 2533 Propter

167 2551 242 2612 haue
270 2549 383 2612 riarum
413 2567 513 2612 numm
542 2549 646 2630 opinor
672 2567 725 2630 per
750 2567 776 2610 a.
800 2547 976 2612 726-728
1004 2558 1048 2613 tut
1074 2549 1216 2631 triumphi
1244 2551 1300 2613 auti
1327 2561 1412 2628 suut,
1445 2564 1519 2636 quot

167 2661 315 2736 praeterea
342 2651 422 2715 nullu
449 2660 581 2734 tempure
603 2652 803 2716 inveniuntur.
847 2652 912 2733 lpse
933 2652 1085 2732 Augustus
1106 2651 1279 2716 Flaminiam
1302 2655 1358 2719 sibi
1380 2658 1518 2721 munien-

167 2757 234 2820 dam
262 2755 425 2837 sumpsisse
451 2756 566 2819 ridetur
591 2766 712 2838 propter
737 2755 902 2837 triumphus
928 2764 996 2818 ante
1021 2756 1173 2820 biennium
1200 2767 1296 2834 actos;
1324 2758 1355 2821 C.
1377 2759 1518 2825 Calauius

168 2861 293 2924 Sabinus
323 2879 382 2922 eus.
405 2879 430 2922 a.
452 2860 527 2934 715,
557 2861 608 2941 qui
631 2859 821 2942 triumphavit
847 2879 873 2922 a.
890 2858 951 2922 726
973 2879 1009 2921 e1
1031 2859 1168 2942 llispauia
1192 2860 1235 2939 (C.
1255 2861 1277 2923 l.
1300 2862 1333 2924 L.
1353 2863 1409 2945 lp.
1431 2864 1516 2945 478),

166 2967 243 3028 viam
270 2964 404 3028 Latinam
428 2963 531 3026 reiecit
556 2963 601 3044 (C.
616 2963 638 3024 l.
654 2962 687 3024 L.
708 2963 745 3038 x,
769 2962 851 3026 6895
874 2972 944 3040 oet.;
974 2963 1114 3045 liurghusi
1135 2965 1238 3047 upp.5
1260 2984 1289 3047 p.
1308 2965 1390 3048 152).
1413 3002 1455 3011 -
1476 2967 1517 3030 lle

167 3068 319 3152 pontibus,
343 3087 418 3149 quus
439 3067 603 3130 restituisse
625 3085 657 3128 se
678 3075 765 3146 negat
785 3066 950 3147 Augustus,
976 3067 1148 3130 notissimus
1171 3079 1216 3131 est
1238 3069 1362 3133 Mulvius
1384 3073 1478 3135 iaetus
1500 3093 1518 3134 a

166 3173 204 3234 lli.
227 3171 336 3235 Suauru
358 3189 478 3235 uuueore
501 3191 530 3233 u.
547 3189 571 3232 e.
593 3170 654 3233 615
678 3169 788 3244 (Victor
809 3190 835 3232 v.
857 3170 898 3232 ill.
914 3169 970 3246 72;
996 3170 1093 3232 imm.
1110 3171 1196 3233 Maru.
1212 3171 1263 3248 27,
1286 3173 1315 3248 9,
1339 3175 1381 3254 9),
1407 3192 1516 3238 numen

166 3286 263 3339 tamen
286 3284 388 3338 nactus
410 3296 427 3338 a
448 3283 582 3338 curatore
604 3274 702 3355 aliquo
724 3273 889 3354 antiquiore
908 3274 944 3338 ad
964 3274 1132 3355 exemplum
1153 3273 1278 3340 Fabricii
1300 3277 1517 3358 (ciminianu

165 3384 357 3444 amboueruiu
384 3378 442 3442 Cio.
462 3379 499 3441 ad
520 3379 579 3442 itt.
600 3377 633 3453 2,
664 3378 712 3453 15,
735 3379 777 3454 4).
821 3377 896 3440 lium
921 3378 1019 3460 ipsum
1042 3387 1261 3459 repraesentare
1282 3381 1378 3444 solent
1399 3383 1516 3446 nummi

164 3484 225 3547 vias
254 3484 290 3547 ab
308 3484 440 3564 Augusto
469 3481 598 3545 munitas
618 3480 831 3564 praedicantes,
862 3481 971 3544 scilieet
991 3489 1111 3563 propter
1132 3501 1233 3546 aruum
1254 3504 1376 3549 arousro
1398 3497 1461 3551 tum
1483 3488 1515 3550 iu

164 3589 306 3650 hunorum
328 3588 453 3667 Augusti
475 3585 506 3649 in
533 3594 623 3668 puute
645 3605 680 3648 eu
702 3585 857 3648 uullueatus
879 3585 919 3666 (v.
935 3585 1075 3666 Borghesi
1096 3606 1164 3670 opp.
1182 3587 1210 3663 2,
1234 3589 1319 3671 366).
1363 3591 1401 3654 rit
1421 3610 1515 3654 nutus

164 3692 249 3754 uubis
275 3692 380 3755 aouidit
405 3709 481 3773 pons
503 3689 648 3753 Minuciam
674 3709 769 3771 noque
791 3689 841 3753 ubi
862 3689 952 3752 luerit
974 3689 1042 3752 seiri
1063 3699 1177 3773 putest;
1205 3693 1394 3774 probabiliter
1416 3703 1514 3758 tamen

164 3813 232 3858 eum
253 3797 415 3858 referemus
436 3795 472 3857 ad
487 3795 649 3857 Thermum
671 3793 762 3870 illum,
788 3793 824 3856 tle
846 3814 905 3874 quo
927 3795 1097 3858 consulatus
1110 3796 1141 3858 in
1156 3815 1181 3859 a.
1198 3797 1259 3861 690
1274 3799 1399 3880 petitore
1414 3797 1514 3862 Cioeru

164 3899 265 3962 scribit
286 3899 335 3980 (ad
356 3900 416 3964 att.
435 3899 462 3973 1,
487 3900 514 3972 1,
537 3897 569 3976 2)
591 3898 638 3960 his
660 3897 773 3960 verbis:
795 3916 876 3961 mauu
898 3909 938 3961 est
959 3918 998 3962 aa
1017 3902 1061 3977 iis,
1084 3904 1132 3982 qui
1151 3919 1227 3964 nanu
1244 3911 1355 3983 potant,
1379 3906 1429 3985 qai
1447 3907 1473 3965 si
1484 3907 1515 3966 in

163 4016 293 4068 austrum
315 4023 424 4068 menum
444 4003 576 4066 reddent
595 4002 708 4084 firraiur
729 4003 898 4065 candidatas
919 4004 985 4084 [ore
1005 4005 1144 4079 uideatur,
1167 4015 1316 4086 propterea
1336 4007 1411 4087 qaod
1425 4025 1514 4070 eara-

163 4117 209 4171 tur
230 4119 268 4171 est
289 4111 351 4172 uiae
372 4106 549 4178 Flaminiae,
574 4125 646 4188 qtae
668 4124 731 4167 uum
753 4107 807 4168 erit
829 4107 967 4181 absolata,
988 4127 1056 4170 sone
1076 4109 1163 4190 [male
1183 4128 1248 4171 eam
1268 4113 1425 4191 munbrpa'a
1445 4128 1514 4173 uun-

163 4213 253 4275 sniem
266 4216 401 4293 accipient
416 4211 472 4292 (siu
487 4213 546 4274 iere
561 4209 763 4286 Burmannus3
777 4213 916 4275 numitori
929 4212 1202 4277 imitatuturum
1217 4213 1314 4294 lien).
1349 4213 1400 4277 Via
1413 4223 1512 4277 autem
1609 4257 1613 4264 -

164 4315 287 4380 llinuoia
313 4316 385 4397 (Cio.
401 4316 437 4378 ab
451 4315 510 4378 ltu
526 4315 556 4389 9,
579 4315 608 4388 6,
632 4316 666 4390 1;
694 4313 793 4377 llurat.
808 4332 853 4395 ep.
872 4316 899 4390 1,
924 4314 973 4390 18,
995 4315 1050 4396 20)
1079 4317 1137 4380 huo
1163 4317 1243 4380 nullu
1266 4317 1353 4380 modu
1375 4320 1511 4400 pertinet
1579 4333 1582 4340 ’
