3656 5434
561 1649 614 1724 Π.
661 1650 830 1725 INDuX
856 1648 1164 1727 VERBORVM.

428 1826 465 1904 1.
506 1828 566 1903 De
593 1827 852 1928 orthographia
878 1827 1124 1903 commentarii
1151 1828 1286 1903 Latini.

280 2023 384 2085 Sermo
399 2023 603 2086 commentarii
626 2024 800 2086 commodus
823 2030 852 2085 et
867 2023 1041 2104 perspicuus
1055 2042 1177 2104 prorsus
1200 2026 1356 2087 confirmat
1378 2033 1436 2087 tam
1460 2025 1539 2106 quod

180 2135 329 2188 auctorem
364 2127 466 2189 scribit
490 2126 650 2190 Suetonius
683 2147 708 2188 c.
730 2127 770 2189 86
801 2135 936 2188 secutum
966 2146 1031 2188 esse
1059 2145 1152 2206 genus
1181 2127 1336 2208 eloquendi
1364 2129 1479 2208 elegans
1509 2138 1539 2191 et

180 2239 372 2312 temperatum
407 2230 505 2293 vitatis
537 2229 749 2292 sententiarum
783 2229 901 2310 ineptiis
936 2237 1023 2310 atque
1057 2228 1253 2292 concinnitate
1287 2238 1317 2292 et
1350 2231 1537 2312 praecipuam

177 2353 279 2396 curam
307 2334 426 2396 duxisse
454 2351 573 2396 sensum
608 2333 698 2394 animi
726 2351 814 2412 quam
842 2333 1026 2412 apertissime
1054 2331 1232 2413 exprimere,
1266 2352 1355 2414 quam
1385 2335 1464 2414 quod
1498 2333 1539 2395 ait

179 2437 290 2500 Fronto
324 2438 372 2519 (ed
393 2438 503 2500 Verum
519 2456 565 2517 ep.
584 2438 614 2514 1)
644 2455 711 2498 eum
739 2434 905 2516 praeditum
933 2435 1025 2498 luisse
1057 2435 1173 2515 linguae
1207 2435 1295 2497 etiam
1324 2445 1388 2499 tum
1423 2437 1537 2517 integro

181 2540 279 2622 lepore
301 2543 400 2622 potius
428 2558 518 2620 quam
548 2537 663 2601 dicendi
686 2538 828 2600 ubertate.
878 2538 943 2600 Non
972 2539 1173 2619 pereruditum
1197 2537 1347 2600 hominem
1370 2539 1536 2619 Avrgustum

177 2643 268 2705 luisse
290 2644 368 2724 quod
391 2643 432 2706 ait
454 2642 618 2704 Hadrianus
641 2641 731 2722 (apud
753 2640 917 2702 Charisium
942 2640 1005 2722 lp.
1024 2641 1086 2703 209
1108 2640 1193 2717 Keil),
1216 2642 1422 2703 consuetudini
1445 2643 1537 2723 magis

178 2765 266 2826 quam
290 2746 407 2808 lectioni
429 2765 497 2808 eum
520 2745 552 2807 in
574 2743 671 2806 verbis
693 2743 833 2824 eligendis
856 2743 1103 2825 obtemperavisse
1126 2743 1300 2824 significans,
1323 2744 1352 2806 id
1374 2744 1538 2807 illustratur

175 2849 211 2910 iis
238 2869 313 2929 quae
335 2869 363 2930 p.
380 2848 420 2911 85
449 2850 484 2910 de
513 2846 686 2930 prulligandi
713 2847 854 2910 vocabulo
881 2847 1109 2909 observavimus.
1154 2847 1239 2920 Quod
1268 2845 1348 2908 addit
1378 2847 1536 2911 Suetonius

174 2952 341 3032 Augustum
364 2970 459 3032 neque
481 2949 713 3032 praepositiones
736 2950 859 3013 urbibus
881 2950 988 3012 addere
1010 2949 1189 3012 dubitavisse
1204 2969 1300 3032 neque
1315 2950 1536 3014 coniunctiones

174 3055 291 3136 saepius
313 3054 427 3128 iterare,
450 3055 547 3134 ipsum
570 3053 800 3115 commentarius
823 3072 883 3114 non
905 3053 1069 3126 confirmat,
1092 3052 1143 3116 sed
1159 3053 1293 3115 similiter
1308 3053 1446 3116 diciturv
1466 3074 1500 3117 ιι.
1510 3073 1536 3116 aa

170 3168 339 3238 perventum
361 3177 418 3219 esse
440 3158 479 3218 ad
501 3158 633 3238 oppidum
657 3155 769 3219 Nabata
792 3158 883 3218 etad
904 3157 1036 3237 oppr'dam
1058 3155 1186 3227 Mariba,
1209 3157 1376 3237 pariterque
1398 3156 1537 3218 scribitur

174 3279 202 3320 nv
216 3279 242 3323 as
262 3261 304 3322 bis
324 3278 386 3321 neec
407 3264 520 3321 nemim
542 3270 568 3321 et
590 3263 705 3322 tertium
726 3264 833 3341 nepotis
855 3263 914 3321 nter·
931 3262 1045 3321 nominc
1067 3267 1097 3320 et
1111 3257 1256 3339 repetitur
1270 3260 1348 3322 cedis
1362 3260 1535 3321 vocabulum

174 3383 200 3424 ιι
214 3382 234 3426 ι.
247 3381 274 3426 ιι
296 3362 437 3445 patientia
458 3363 506 3423 vin
527 3362 657 3424 serenda.
694 3362 774 3424 Albis
798 3380 868 3436 vra,
891 3361 1040 3422 Danuvius
1064 3381 1121 3424 vu
1149 3361 1257 3442 (neque
1280 3371 1379 3424 tamen
1402 3382 1470 3425 mox
1486 3363 1536 3425 ubi

173 3467 249 3528 redit
270 3466 356 3546 ves),
384 3465 489 3527 Tanais
512 3485 569 3528 vus
594 3484 654 3527 non
677 3465 869 3527 nominantur
894 3465 952 3527 nisi
974 3464 1071 3527 addito
1093 3464 1225 3526 lluminis
1248 3465 1404 3540 vccabulc;
1430 3485 1536 3546 quam-

172 3589 260 3650 quam
284 3589 301 3630 v
320 3589 343 3632 ιι
367 3568 539 3649 simpliciter
560 3567 730 3630 enuntiatur
751 3567 881 3630 Rhenus.
925 3568 959 3628 ln
981 3567 1182 3628 numeralibus
1205 3567 1234 3628 id
1257 3569 1335 3647 quod
1359 3578 1404 3629 est
1426 3579 1536 3630 centum

172 3673 264 3735 millio
290 3673 330 3733 ibi
356 3673 492 3754 ponitur,
521 3671 571 3732 ubi
598 3671 747 3733 omittitur
772 3670 924 3732 communi
957 3689 1028 3742 usu,
1055 3668 1083 3731 id
1114 3670 1191 3749 quod
1215 3670 1267 3750 qui
1289 3672 1534 3732 commentarium

173 3784 354 3855 usurparunt
375 3782 474 3854 postea
498 3775 573 3836 male
595 3773 709 3853 decepit
732 3777 769 3850 (v.
786 3792 814 3853 p.
831 3773 894 3853 38).
934 3771 1107 3852 splendidae
1129 3772 1251 3851 originis
1267 3773 1421 3834 hominum
1437 3773 1535 3854 potius

172 3897 259 3958 quam
288 3878 405 3939 nomina
434 3885 614 3958 usurpantur
640 3877 828 3955 cognomina,
863 3875 958 3956 qualia
988 3885 1059 3936 sunt
1085 3874 1207 3936 Crassus
1235 3875 1377 3936 Lentulus
1407 3876 1535 3957 Lepidus

172 3980 323 4042 Marcellus
346 3979 423 4040 Nero
445 3978 514 4040 Piso
538 3978 740 4046 Silanus'alia.
764 3988 865 4041 contra
887 3987 933 4040 est
954 3977 984 4038 in
1008 3977 1178 4038 hominibus
1201 3976 1284 4039 novis
1307 3979 1352 4039 vel
1374 3977 1535 4039 nobilitatis

173 4084 271 4145 minus
294 4081 484 4162 conspicuae,
515 4081 601 4142 utin
624 4080 759 4143 Antistiis
782 4080 951 4155 Veteribus,
974 4079 1106 4142 Calvisiis
1129 4079 1261 4154 Sabinis,
1285 4079 1413 4142 Caniniis
1436 4081 1534 4154 Gallis,

171 4185 275 4247 Laeliis
290 4184 398 4258 Bnlbis,
421 4184 564 4247 Lueretiis
587 4183 697 4254 Cinnis,
726 4182 874 4245 Passienis
896 4183 988 4254 Rutis,
1015 4181 1165 4255 Quintiliis
1188 4182 1278 4256 Varis,
1303 4183 1439 4263 Sulpiciis
1461 4184 1536 4256 Qui-

170 4287 264 4362 riniis,
288 4286 393 4366 Valgiis
408 4286 500 4348 Rufis.
537 4284 700 4348 Consulum
723 4286 802 4366 peria
825 4287 1001 4366 plerumque
1023 4294 1176 4367 ponuntur
1197 4285 1308 4348 adiecta
1330 4287 1433 4366 copula
1453 4305 1535 4348 more

171 4388 347 4462 recentiore,
381 4388 469 4449 etiam
499 4387 549 4449 ubi
577 4387 743 4467 iunguntur
770 4387 828 4449 duc
856 4386 1017 4466 gentilicia;
1046 4387 1193 4449 omittitur
1220 4389 1323 4469 copula
1347 4388 1442 4450 tribus
1464 4389 1534 4450 loeis

171 4511 191 4553 ιι
205 4509 238 4554 aa.
252 4509 285 4554 sa
306 4511 334 4552 ιι
349 4509 382 4552 ιι.
417 4490 607 4552 iterationem
631 4492 661 4552 in
684 4489 885 4552 consulatibus
908 4489 1072 4551 indicandis
1092 4490 1184 4551 semel
1207 4490 1345 4552 omissam
1367 4491 1534 4553 invenimus

169 4613 200 4658 ιιι
216 4612 244 4656 ιιι
265 4595 295 4656 in
318 4595 363 4656 Ti.
378 4593 493 4656 Nerone
516 4595 559 4656 rel
581 4596 700 4675 antique
723 4595 763 4674 (v.
779 4596 810 4655 C.
826 4593 847 4654 l.
865 4593 897 4654 L.
914 4593 927 4652 l
942 4612 971 4654 n.
993 4594 1065 4655 539.
1081 4593 1153 4655 615.
1172 4591 1247 4671 721)
1270 4592 1315 4654 vel
1337 4593 1533 4675 neglegenter.

254 4697 345 4759 Notae
369 4698 558 4779 reperiuntur
581 4701 641 4759 lere
663 4698 769 4760 nullae.
799 4697 872 4759 Nam
896 4697 956 4758 sola
971 4695 1161 4776 praenomine
1178 4703 1349 4758 constamter
1364 4696 1536 4758 scribuntur

168 4819 221 4882 per
250 4800 335 4862 solita
362 4801 539 4882 conpendia,
569 4800 620 4862 ubi
648 4799 800 4863 sollemnis
828 4819 902 4861 usus
930 4799 1067 4860 voeabula
1096 4797 1258 4879 perscripta
1288 4800 1431 4879 repudiat.
1476 4801 1533 4862 Sed
