3656 5444
785 397 836 464 m,
855 400 941 454 7-21
1498 407 1535 470 61

186 569 264 651 plebi
286 571 421 637 deumios
443 585 583 638 centenos
605 575 785 656 promisisse,
808 596 935 659 cumque
957 578 1039 661 prius
1061 600 1092 644 se
1108 582 1144 644 de
1159 599 1194 644 eo
1210 583 1357 662 congiario
1373 582 1537 646 edicturum

186 686 306 755 negaret
327 697 415 758 qoam
446 689 565 742 senatus
592 680 791 763 approbasset,
819 691 955 746 senatum
977 686 1077 747 statim
1100 705 1168 748 eum
1191 685 1341 750 absentem
1364 686 1450 750 etiam
1476 695 1539 750 tum

185 777 298 858 legibus
321 782 451 845 solvisse.
497 783 619 847 Videtur
639 784 729 865 igitur
750 785 811 866 lege
833 787 1012 868 prohibitum
1033 787 1133 864 luisse,
1156 790 1316 872 quominus
1332 789 1408 874 plebi
1424 790 1538 854 nummi

186 881 395 949 dividerentur.

285 987 326 1051 lle
348 999 450 1070 quarta
472 991 643 1054 liberalitate
666 994 856 1057 frumentaria
878 995 992 1076 egimus
1014 997 1050 1059 ad
1074 998 1101 1070 1,
1118 997 1169 1059 32.

285 1093 429 1167 Quintum
452 1096 632 1176 congiarium
656 1097 757 1159 datum
780 1117 805 1160 a.
822 1097 883 1160 742
905 1109 1053 1180 praeterea
1076 1109 1326 1172 commemoratur
1347 1099 1441 1162 tribus
1456 1101 1536 1176 locis,

184 1197 215 1259 in
238 1198 319 1260 lastis
342 1197 658 1280 llipatransoneusibus
680 1211 710 1263 et
731 1201 809 1282 apud
823 1201 944 1264 Diouem
968 1215 997 1265 ot
1017 1203 1185 1284 losephum.
1223 1202 1301 1265 Fasti
1323 1203 1364 1265 illi
1378 1203 1422 1282 (C.
1439 1205 1460 1265 l.
1479 1205 1510 1266 L.
1527 1205 1538 1266 l

184 1301 292 1381 p‚472
311 1327 354 1354 =
375 1301 572 1384 1141152119)
599 1303 641 1366 sic
669 1305 698 1366 ni
728 1305 811 1368 lallor
832 1307 965 1388 explendi
988 1317 1058 1371 sunt
1079 1307 1176 1389 paullo
1198 1307 1281 1370 aliter
1303 1317 1391 1388 atque
1413 1309 1538 1389 explevit

184 1404 362 1485 Borghesius
384 1405 444 1469 dec
463 1407 527 1481 116
550 1426 617 1489 opp.
636 1409 662 1482 1,
679 1407 787 1489 314¹):

426 1579 475 1614 ror.
510 1579 545 1613 m.
581 1563 694 1615 ualeriur
728 1563 848 1614 messalla
880 1581 905 1632 p.
941 1564 1065 1636 mlpiorits
1098 1567 1227 1632 quinirv'ur
1381 1583 1404 1616 n.
1417 1583 1439 1618 c.
1453 1567 1502 1617 742

872 1671 893 1707 o.
912 1656 997 1723 uulgi
1019 1669 1040 1709 v
1062 1658 1174 1724 srnsur

840 1757 862 1792 α.
896 1742 1186 1796 cnmvmrvsreor'lus

611 1825 636 1878 lt.
670 1837 789 1883 AVGVST
816 1839 831 1880 L
843 1853 851 1871 ·
863 1838 1008 1883 VOLVSlVS
1021 1853 1028 1868 ·
1041 1833 1198 1882 SAittmt'tttts

290 1907 356 1975 prid.
374 1923 424 1960 non
441 1913 517 1961 mart.
535 1912 597 1978 imp.
616 1925 711 1966 ααιιΑκ
724 1938 731 1952 ·
744 1925 851 1968 romulu
863 1937 871 1955 ·
884 1927 982 1968 ΜΑΧΙΜ
997 1938 1005 1956 ·
1018 1920 1135 1968 creatur
1151 1921 1188 1967 ert

293 2032 617 2050 ..............
633 1997 695 2052 iden
708 2024 715 2039 ·
730 2011 923 2070 corvemmvm
937 2024 945 2039 ·
959 2011 1076 2056 rorvto
1093 2001 1161 2054 dedit

170 2133 175 2144 ,
294 2117 641 2137 ...............
673 2097 738 2140 nvvs
761 2111 769 2128 ·
792 2099 814 2140 n
843 2113 851 2129 ·
881 2099 896 2140 r
938 2090 1118 2140 αικναιιϊιιι
1136 2125 1142 2139 .
1163 2088 1227 2154 .s.
1245 2086 1323 2136 iiutr?

461 2184 510 2220 our.
522 2168 624 2238 paullus
634 2171 733 2236 suevus
775 2176 908 2224 maximus
953 2189 976 2240 q.
1012 2184 1109 2225 neurus
1125 2174 1215 2224 tubero
1378 2188 1402 2222 u.
1415 2187 1436 2223 o.
1451 2171 1500 2224 743

182 2331 235 2394 llio
258 2333 322 2414 (54,
338 2333 392 2414 29)
414 2336 450 2398 ad
472 2355 498 2398 a.
515 2337 577 2398 742
603 2347 759 2419 postquam
782 2339 856 2401 dixit
882 2339 918 2400 de
945 2349 1040 2401 morte
1067 2339 1219 2420 Agrippae,
1246 2357 1319 2418 quae
1347 2339 1444 2400 evenit
1470 2339 1534 2401 eins

181 2436 251 2498 anni
274 2455 375 2500 meuse
397 2438 510 2514 llartio,
544 2450 574 2502 et
595 2441 630 2504 de
651 2442 762 2522 legatis,
796 2461 870 2522 quae
902 2443 1039 2504 heredem
1067 2441 1233 2523 Augustum
1267 2443 1374 2523 populo
1401 2441 1534 2504 Romano

181 2541 250 2602 dare
271 2541 414 2617 iussisset,
436 2543 518 2606 addit
538 2555 686 2625 praeterea
702 2547 877 2626 Augustum,
900 2555 1049 2625 tamquam
1072 2546 1113 2608 ita
1136 2555 1312 2609 testamento
1331 2545 1431 2608 iussus
1446 2555 1532 2618 esset,

181 2643 397 2726 quadringenos
420 2648 569 2710 sestertios
592 2649 668 2730 plebi
697 2647 829 2711 divisisse
852 2648 920 2728 (καὶ
943 2649 1025 2712 καθ’
1054 2645 1169 2714 ἑκατὸν
1190 2648 1337 2732 δραχμὰς
1357 2651 1403 2732 τῷ
1425 2643 1532 2733 δήμῳ,

181 2744 224 2824 ὦς
244 2746 300 2814 καὶ
324 2749 451 2816 ἐκείνου
474 2750 693 2832 κελεύσαντος,
718 2750 884 2834 διένειμε).
922 2751 1052 2833 lienique
1067 2753 1208 2834 Iosephus
1223 2753 1271 2828 16,
1285 2754 1313 2827 4,
1330 2755 1359 2826 5,
1374 2761 1529 2834 postquam

180 2855 309 2918 namarit
330 2875 521 2937 congressum
545 2856 674 2920 Caesaris
696 2867 726 2919 et
748 2855 871 2918 llerodis
887 2856 1043 2937 Aquileiae,
1067 2875 1125 2936 quo
1148 2856 1259 2918 scilieet
1280 2857 1429 2936 Augustus
1452 2858 1531 2918 venit

179 2958 283 3020 eodem
305 2979 382 3022 auno
405 2959 554 3023 Tiberium
576 2959 644 3023 inde
666 2959 700 3022 ad
726 2960 836 3042 bellum
858 2958 1060 3022 Pannonicum
1088 2959 1238 3023 dimittens
1261 2963 1309 3037 (cl.
1330 2958 1384 3020 llio
1411 2960 1461 3033 54,
1478 2959 1533 3034 313

180 3062 301 3126 Sueton.
317 3065 390 3146 Aug.
407 3064 470 3141 20),
493 3072 649 3144 autequam
672 3043 802 3146 exponit
823 3066 859 3127 de
879 3063 1079 3127 aedificatione
1101 3063 1199 3144 oppidi
1221 3063 1376 3125 Caesareae
1399 3061 1531 3125 absoluta

179 3184 204 3227 a.
222 3167 282 3229 743
298 3168 362 3248 (16,
378 3170 407 3244 5,
425 3171 465 3246 1),
487 3170 559 3232 baec
583 3169 757 3250 interponit:
792 3162 828 3232 ἐν
860 3167 897 3232 δὲ
929 3179 1003 3242 ταῖς
1034 3161 1186 3248 ὑστέραις
1219 3161 1355 3250 ἡμέραις
1384 3160 1533 3250 Ἡρώδης

179 3267 334 3354 ἒδωρεῖτο
358 3275 512 3355 Καίσαρα
533 3272 736 3354 τριακοσίαις
757 3269 943 3350 ταλάντοις,
967 3273 1051 3345 θέας
1078 3292 1113 3332 τε
1135 3269 1190 3332 καὶ
1220 3267 1383 3352 διανομὰς
1412 3267 1531 3333 ποιού-

179 3395 279 3456 μενον
305 3375 352 3460 rqi
376 3368 547 3457 Ῥωμαίων
573 3371 678 3460 δήμῳ.
722 3375 777 3438 Ubi
803 3395 864 3439 non
894 3375 1022 3456 intellegi
1050 3393 1158 3436 munus
1184 3372 1387 3454 gladiatorium
1418 3373 1530 3436 editum

178 3477 215 3538 ab
236 3477 369 3558 Augusto
398 3479 525 3541 liliorum
553 3479 673 3542 nominc
702 3479 941 3560 quinquatribus,
969 3479 999 3542 id
1027 3486 1072 3540 est
1100 3477 1147 3540 die
1174 3477 1258 3540 llari.
1277 3477 1315 3539 19
1337 3497 1364 3540 a.
1381 3476 1441 3538 742
1465 3475 1530 3554 (llio

180 3580 229 3656 54,
245 3579 309 3659 28),
336 3583 415 3662 quod
438 3581 592 3665 Zumptius
621 3581 677 3645 sibi
698 3583 853 3663 persuasit,
879 3582 947 3646 inde
974 3581 1128 3661 colligitur,
1160 3581 1240 3661 quod
1270 3580 1301 3642 id
1333 3599 1430 3660 neque
1461 3598 1529 3642 cum

179 3683 320 3748 divisione
342 3685 400 3748 ulla
422 3687 614 3750 coniunctum
636 3685 693 3748 luit
717 3696 748 3749 et
774 3688 886 3751 editum
914 3695 961 3750 est
981 3685 1106 3766 Agrippa
1133 3685 1198 3747 vivo
1220 3683 1286 3764 (uio
1307 3684 1327 3746 l.
1342 3685 1391 3766 c).
1434 3684 1529 3746 lmmo

180 3786 315 3866 cogitavit
347 3787 489 3871 losepbus
522 3791 557 3852 de
592 3789 800 3871 quadringenis
833 3791 985 3865 sestertiis,
1018 3788 1070 3869 qui
1103 3797 1252 3868 tamquam
1287 3807 1322 3850 ex
1355 3797 1529 3851 testamento

177 3890 321 3974 Agrippae
342 3911 377 3955 eo
400 3911 476 3956 anuo
503 3903 571 3976 post
601 3893 677 3956 diem
700 3892 823 3956 1111126
845 3893 921 3975 (dies
951 3891 1090 3974 congiarii
1119 3891 1178 3955 dati
1204 3892 1236 3954 iu
1262 3891 1344 3955 lastis
1371 3891 1528 3974 llipatran-

178 3995 354 4058 sonensibus
376 3997 541 4078 adscriptus
564 3999 629 4072 luit,
652 3997 702 4060 sed
725 3995 884 4080 intercidit)
906 3996 1015 4079 populo
1037 3995 1184 4058 numerati
1206 4005 1285 4070 sunt,
1308 4005 1337 4058 et
1356 3994 1392 4057 de
1406 4014 1530 4058 munere

178 4097 346 4178 gladiatorio
367 4099 398 4161 iu
414 4101 556 4162 honorem
571 4100 714 4182 Agrippae
734 4098 864 4162 defuncti
886 4099 985 4162 statim
1008 4098 1071 4162 sine
1093 4098 1183 4160 dubio
1204 4098 1360 4180 promisso,
1384 4099 1436 4162 sed
1450 4099 1527 4161 edito

176 4220 202 4263 a.
226 4201 346 4265 demum
362 4203 423 4264 747
439 4202 505 4282 (bio
521 4205 571 4278 55,
588 4203 629 4284 8),
653 4204 763 4267 seilicet
784 4203 1003 4286 procrastinatis
1027 4201 1197 4283 spectaculis
1219 4211 1341 4284 propter
1355 4211 1526 4284 apparatum

176 4305 313 4370 ludorum
335 4306 456 4387 longum
479 4317 509 4370 et
532 4307 698 4371 molestum.

275 4499 295 4563 Ι)
315 4500 448 4564 llerglium
484 4506 638 4552 statuentem
671 4500 745 4551 ludos
780 4497 862 4550 laetos
896 4513 952 4550 esse
983 4498 1014 4549 ab
1045 4497 1158 4563 Augusto
1191 4513 1214 4549 a.
1240 4497 1287 4548 742
1320 4497 1351 4548 ob
1383 4505 1525 4566 susceptum

177 4585 350 4650 pontificatum
372 4587 518 4649 maximum,
537 4587 666 4638 erravisse
689 4586 771 4651 igitur
788 4585 894 4636 Diouem
918 4599 950 4636 ex
973 4591 1123 4636 testamento
1142 4583 1270 4650 Agrippae
1294 4599 1338 4635 eos
1361 4593 1526 4652 repetentem,

175 4669 256 4724 iustos
274 4671 519 4741 llipatrausoueuses
542 4673 695 4740 supplendos
719 4689 776 4724 osse
793 4673 844 4723 sic:
864 4673 912 4740 [pr.
931 4687 987 4723 noa.
1004 4669 1082 4723 Mart.
1099 4672 1159 4728 ima.
1182 4671 1286 4736 Caorlar
1304 4673 1397 4738 pontis.
1415 4673 1525 4721 maim.

175 4759 283 4822 orbatur
303 4757 376 4811 bidos
401 4763 535 4812 circionum
558 4761 590 4823 el]
613 4762 774 4826 conplurium
794 4757 887 4828 populo
909 4758 1002 4824 [dedr'tl‚
1027 4759 1075 4810 iam
1098 4757 1230 4822 redarguit
1253 4757 1307 4824 ipse
1331 4757 1396 4824 lapis
1416 4757 1524 4809 lectione

176 4847 288 4913 expleto.
