3656 5434
661 380 817 438 ultrave
836 380 1059 438 TIBVRTINVS
1475 391 1537 454 175

184 560 394 638 distinxerunt3
427 560 582 640 legendum
607 561 742 623 omnino:
777 561 854 622 llliltil
887 561 925 622 ad
957 570 1077 624 ueterem
1173 561 1368 642 Sulpiciorum
1393 566 1551 652 familiam

184 661 334 735 Quirinitoc
351 667 503 746 pertinuit,
533 667 653 743 impiyer
673 663 793 726 militiae
815 674 840 725 et
862 663 976 725 acribus
998 667 1163 726 ministeriis
1195 668 1373 728 acuminum
1469 689 1539 732 mon

184 769 305 846 iusipnr'a
327 767 467 846 triumphi
487 768 604 846 adeptus
628 765 764 846 datusque
785 777 880 828 remor
896 765 927 827 C.
946 765 1064 828 Caesari
1081 767 1246 830 Armeniam
1267 769 1410 832 obtinenti.
1456 771 1539 834 libc-

183 871 259 929 rium
280 886 388 949 quoque
410 867 505 930 lllcodi
530 878 657 949 opuntem
684 869 817 940 coluerat,
844 871 919 950 cuod
944 880 1012 931 tunc
1030 872 1162 949 patefecit
1190 875 1220 930 in
1242 881 1342 933 senatu
1365 873 1488 935 laudatis
1508 878 1539 936 in

182 990 211 1032 se
233 972 337 1052 officiis
358 982 385 1033 et
406 977 533 1033 unauna
555 971 594 1031 ll.
618 955 717 1046 Lollio,
740 991 821 1052 quern
842 983 986 1034 auctorem
1010 971 1041 1032 C.
1060 970 1180 1034 Caesari
1200 977 1353 1053 prauitatis
1379 984 1405 1036 ct
1428 977 1538 1038 discor-

183 1073 296 1136 diarum
324 1074 470 1154 arpucbat.
521 1074 657 1137 coluerat
686 1083 784 1135 autem
814 1073 911 1135 Rhodi
937 1073 1087 1136 Tiberium
1117 1074 1270 1147 Quirinius
1299 1084 1349 1138 aut
1380 1097 1406 1138 a.
1423 1079 1481 1139 751
1508 1079 1539 1140 iu

185 1175 297 1256 Syriam
320 1175 508 1257 proficiscens
530 1188 582 1240 aut
604 1176 633 1238 iu
654 1176 753 1238 Asiam
776 1177 964 1258 proficiscens
986 1177 1021 1239 ad
1045 1177 1284 1258 proconsulatum
1308 1179 1538 1259 suscipiendum.

183 1277 255 1339 Nam
290 1287 406 1341 tautum
439 1280 523 1342 abest
555 1289 588 1342 ut
621 1287 736 1342 constet
767 1278 860 1340 Roma
899 1299 968 1342 eum
1003 1281 1039 1342 ad
1078 1279 1181 1341 Gaium
1217 1279 1344 1354 venisse,
1379 1291 1413 1343 ut
1446 1282 1539 1362 magis

184 1381 358 1443 crediderim
391 1385 467 1444 forte
499 1401 554 1464 pro
587 1383 707 1447 consule
743 1381 842 1443 Asiam
875 1392 1025 1462 regentem
1061 1383 1098 1443 ab
1131 1383 1264 1461 hugueta
1297 1384 1331 1444 ad
1370 1384 1462 1445 iulium
1496 1385 1539 1446 irc

184 1485 299 1546 iussum
332 1503 405 1546 esse.
460 1484 593 1547 Vidimus
627 1484 705 1546 enim
736 1503 804 1546 cum
832 1485 930 1546 Asiam
965 1504 1064 1565 regere
1094 1485 1228 1564 potuisse
1261 1504 1314 1564 per
1340 1505 1365 1546 a.
1383 1485 1477 1554 755t6
1510 1497 1541 1550 et

184 1585 321 1667 deinceps
343 1587 433 1649 etita
456 1607 490 1649 eo
512 1588 576 1669 ipsu
606 1597 746 1667 tempore,
776 1608 836 1668 quo
858 1587 968 1650 Lollius
997 1587 1078 1663 obiit,
1106 1587 1136 1648 in
1163 1587 1230 1648 Asia
1258 1588 1391 1668 potuisse
1421 1589 1539 1650 morari.

184 1689 269 1762 Quod
305 1689 331 1751 si
367 1689 405 1750 itu
443 1693 551 1752 iactum
590 1698 635 1752 est
671 1700 700 1752 et
741 1690 810 1752 iude
851 1691 887 1751 ab
929 1691 1032 1753 itincre
1075 1691 1124 1753 illo
1167 1691 1306 1754 continua
1348 1693 1541 1755 dimoratione

184 1791 337 1865 Quirinius
360 1791 390 1852 in
414 1792 534 1855 Oriente
557 1794 675 1866 mansit,
703 1792 791 1854 etiam
820 1813 906 1855 causa
929 1801 1058 1874 apparet,
1086 1813 1140 1856 cur
1161 1793 1190 1856 iu
1213 1793 1276 1856 eius
1302 1794 1467 1856 laudatione
1490 1794 1541 1856 Ti-

185 1893 284 1956 berius
318 1895 523 1957 salutationem
558 1895 734 1958 Rhodiacam
758 1905 788 1958 ct
814 1895 943 1958 officium
978 1896 1014 1958 ab
1042 1915 1067 1958 a.
1084 1898 1145 1958 755
1176 1897 1341 1959 dilassari
1374 1897 1537 1959 exhibitum

185 1996 377 2059 coniunxerit.
410 2033 452 2042 -
484 1997 609 2078 Nuptiae
647 2007 760 2072 auum,
797 2018 870 2079 quas
903 1999 1056 2072 Quirinius
1093 2018 1162 2061 cum
1196 1999 1304 2079 Lepida
1336 1999 1421 2074 iecit,
1458 1999 1541 2061 facile

183 2099 394 2180 expediuntur3
416 2119 485 2162 nant
508 2119 576 2162 cum
599 2109 715 2162 constet
737 2101 911 2164 Suetonium
937 2102 1013 2178 (Tib.
1030 2102 1084 2181 49)
1106 2101 1202 2181 paullo
1225 2101 1372 2164 liberalius
1394 2103 1471 2164 inter
1492 2121 1541 2163 eas

184 2202 312 2282 nuptias,
335 2222 408 2281 quae
430 2211 498 2264 aute
514 2203 603 2264 finem
618 2222 644 2264 a.
661 2204 722 2264 755
739 2204 878 2265 celebrari
898 2222 957 2265 uon
973 2213 1142 2284 potueruut,
1165 2213 1195 2266 et
1209 2206 1424 2267 accusationem
1441 2223 1466 2266 a.
1479 2204 1540 2266 773

184 2323 355 2368 numerasse
370 2323 463 2367 annos
479 2305 590 2384 viginti,
607 2305 678 2385 quid
694 2305 824 2386 impedit,
847 2307 1007 2386 quominus
1023 2307 1142 2387 nuptiae
1157 2307 1318 2370 reiciantur
1332 2317 1401 2388 post
1415 2307 1542 2380 Quirinii

184 2426 219 2469 ex
240 2408 321 2486 Syria
343 2407 472 2470 reditum
494 2407 529 2468 ad
552 2425 577 2468 a.
600 2425 625 2467 c.
643 2405 728 2469 757?
772 2409 856 2481 Quod
880 2411 905 2470 si
928 2409 976 2471 cui
1003 2410 1130 2490 spatium
1160 2411 1286 2473 sedecim
1314 2430 1459 2473 annorum
1487 2429 1541 2491 pcc

185 2510 286 2590 uiginti
309 2511 444 2574 Suetonii
466 2510 629 2591 displiceat,
652 2520 743 2592 ponat
764 2512 903 2593 Lepidam
926 2512 1062 2586 Quirinio
1084 2514 1221 2594 nupsisse
1250 2522 1302 2576 aut
1332 2522 1399 2576 aute
1425 2517 1542 2595 proiec-

186 2613 295 2676 tionem
318 2613 427 2676 Romae
449 2614 552 2676 autin
576 2613 676 2694 Syria3
699 2625 776 2677 certe
798 2635 887 2678 nemo
910 2616 1029 2678 refellet.

285 2716 313 2778 3.
348 2718 449 2779 Restat
479 2715 654 2778 notissimus
684 2718 766 2780 locus
788 2718 932 2793 Lucael,
957 2721 988 2779 1:
1022 2715 1149 2796 ἐγένετο
1177 2715 1214 2780 δὲ
1240 2716 1276 2780 ἓν
1301 2726 1376 2790 ταῖς
1404 2713 1542 2801 ἡμέραις

185 2812 338 2894 ἐκείναις,
362 2818 502 2902 ἐξῆλθεν
524 2817 633 2900 δόγμα
656 2819 749 2902 παρὰ
775 2824 943 2903 Καίσαρος
970 2816 1164 2898 Αὐγούστου
1188 2816 1450 2903 ἀπογράφεσθαι
1475 2819 1541 2881 πᾶ-

186 2938 249 2985 σαν
280 2923 340 3005 την
367 2923 579 3006 οἰκουμένην·
614 2918 697 3006 αὕτη
726 2919 905 3007 ἀπογραφὴ
929 2919 1040 3006 πρώτη
1064 2921 1191 3000 ἐγένετο
1214 2917 1465 3005 ἡγεμονεύοντος
1486 2921 1543 3004 τῆς

186 3027 307 3106 Συρίας
335 3029 498 3108 Κυρηνίου
527 3027 583 3107 (sic
604 3027 667 3090 cod.
692 3026 864 3102 Sinaiticus;
897 3029 1060 3110 Kapoutan
1083 3027 1147 3088 cod.
1170 3025 1264 3100 Alexa
1293 3027 1455 3105 Κυρείνου
1478 3024 1542 3085 eud.

185 3128 299 3204 Vatia).
338 3128 377 3190 De
400 3149 460 3209 quo
482 3139 638 3212 postquam
662 3139 707 3192 tot
728 3130 783 3191 viri
805 3129 884 3191 docti
905 3137 964 3191 mm
989 3129 1080 3191 multa
1103 3129 1248 3200 dixerunt,
1270 3147 1324 3208 ego
1345 3145 1381 3188 ne
1404 3127 1542 3187 volumen

186 3231 385 3304 conscribam,
414 3232 450 3293 ab
477 3233 559 3294 omni
587 3234 721 3315 priorum
749 3241 779 3294 et
804 3231 1032 3312 reprehensione
1060 3241 1090 3294 ct
1109 3230 1277 3293 laudatione
1298 3229 1448 3291 abstinens
1471 3229 1542 3290 satis

187 3335 299 3397 habebo
327 3353 423 3397 meam
452 3336 629 3399 sententiam
651 3335 780 3397 breviter
801 3335 1018 3415 significavisse.
1063 3334 1158 3396 Lucae
1180 3333 1216 3394 de
1238 3333 1292 3396 hac
1314 3351 1345 3394 re
1368 3332 1446 3413 quod
1462 3341 1542 3394 attu-

186 3438 275 3500 limus
296 3437 498 3500 testimonium
516 3439 602 3518 plane
625 3438 788 3501 solitarium
810 3448 863 3511 est,
885 3458 952 3501 nam
974 3438 1086 3517 reliqua
1105 3435 1251 3517 evangelia
1271 3436 1306 3497 de
1327 3455 1414 3498 censu
1439 3443 1542 3508 tacent,

187 3541 346 3622 scriptores
368 3550 466 3603 autent
488 3541 675 3604 ecclesiastici
695 3561 730 3603 ex
747 3541 824 3603 Luca
842 3542 974 3622 pendent
988 3558 1100 3602 omnes.
1145 3539 1230 3612 Quod
1245 3539 1332 3601 etiam
1350 3541 1379 3600 in
1395 3538 1542 3600 lustinum

187 3644 288 3705 cadere
318 3651 433 3706 constat
459 3663 526 3705 cum
555 3663 589 3704 cx
615 3644 761 3706 librorum
790 3645 851 3706 eius
878 3643 1015 3706 universa
1040 3643 1139 3704 indole
1164 3644 1204 3723 (r.
1231 3642 1345 3704 Strauis
1371 3641 1422 3702 das
1453 3639 1544 3701 beben

188 3747 258 3808 lesu
278 3748 332 3826 [dr
353 3748 405 3808 das
432 3747 501 3809 Vallo
523 3765 551 3828 p.
570 3747 610 3809 56
626 3749 683 3828 sq.)
710 3756 773 3810 tum
801 3767 836 3808 cx
861 3747 1080 3827 comparatione
1106 3744 1282 3807 narrationis
1308 3743 1372 3805 eius
1398 3743 1433 3803 de
1453 3761 1544 3804 censu

187 3849 243 3911 hoc
269 3849 393 3930 (apolog.
417 3850 430 3910 1
456 3869 480 3911 c.
504 3849 554 3911 et.
583 3850 643 3924 46;
670 3850 736 3912 dial.
763 3869 831 3913 cum
858 3850 966 3931 Tryph.
993 3868 1017 3910 c.
1035 3847 1088 3928 78)
1114 3867 1181 3909 cum
1209 3847 1305 3908 Lucae
1330 3845 1426 3906 verbis
1454 3863 1543 3925 supra

187 3953 301 4029 relatis;
328 3972 396 4014 nam
424 3971 513 4033 quem
542 3953 636 4015 Lucas
662 3963 741 4016 recte
767 3952 894 4033 appellat
918 3953 1045 4030 legatum
1074 3950 1188 4030 Syriae,
1215 3968 1283 4012 eum
1310 3947 1441 4010 lustinus
1468 3948 1544 4010 male

189 4055 259 4116 iecit
283 4064 504 4135 procuratorem
530 4056 652 4118 Iudaeae
678 4057 710 4137 (Ι.
737 4075 762 4117 c.
789 4056 901 4136 apolog.
927 4053 940 4113 l
966 4073 992 4114 c.
1017 4053 1072 4114 34:
1106 4047 1148 4124 ὥς
1170 4049 1224 4112 καὶ
1248 4053 1373 4134 μαθεῖν
1395 4042 1545 4113 δύνασθε

187 4154 222 4218 lu
244 4157 312 4220 τῶν
333 4154 538 4242 ἀπογραφῶν
558 4160 623 4222 τοῖν
644 4155 827 4241 γενομένων
847 4147 906 4219 ἐπὶ
925 4157 1090 4239 Κυρηνίου
1111 4154 1169 4217 τοῦ
1184 4147 1340 4236 ipseipse
1354 4151 1390 4216 ἐν
1399 4147 1546 4231 Ἰουδαίᾳ

189 4256 323 4343 πρώτου
345 4263 522 4342 γενομένου
545 4258 755 4342 ἐπιτρόπου),
783 4261 892 4323 scilicet
920 4258 1061 4320 memoria
1087 4257 1187 4319 minus
1213 4258 1268 4319 lida
1295 4267 1329 4319 ut
1354 4257 1429 4318 solet
1451 4258 1545 4318 citans

188 4370 217 4424 et
240 4362 315 4425 male
335 4364 466 4444 cogimm
486 4364 522 4425 de
543 4363 590 4426 sui
610 4363 752 4444 temporis
774 4370 964 4444 procuratore
980 4359 1080 4441 Syriae
1095 4358 1274 4421 Palaestinae
1290 4359 1421 4438 (Henzen
1438 4357 1544 4437 5530).

188 4499 230 4510 —
256 4465 351 4528 Lucas
373 4475 472 4528 autem
494 4467 556 4547 ipse
579 4465 627 4528 iha
650 4467 781 4528 scribens
802 4466 834 4527 in
857 4473 956 4526 mente
978 4463 1081 4525 habuit
1105 4481 1181 4542 quae
1202 4461 1344 4543 Iosephus
1370 4463 1389 4523 l.
1408 4463 1445 4522 17
1473 4469 1545 4522 extr.

189 4569 231 4631 sic
256 4572 363 4631 relect:
396 4569 452 4651 τῆς
480 4566 654 4652 Ἀρχελάου
687 4567 794 4651 χώρας
827 4563 1008 4638 ὐποτελοῦς
1041 4567 1331 4648 προσνεμηθείσης
1363 4563 1402 4650 τῇ
1432 4560 1547 4641 Σύρων

189 4672 358 4755 πέμπεται
386 4670 547 4756 Κυρήνιος
568 4663 636 4736 dud
664 4676 832 4755 Καίσαρος
854 4666 937 4755 ἀνὴρ
959 4664 1120 4741 ὑπατικὸς
1142 4662 1428 4750 ἀποτιμησόμενος
1449 4662 1490 4726 τὰ
1512 4661 1547 4726 ἐν

189 4775 306 4857 Συρίᾳ,
329 4774 400 4838 item
415 4777 435 4838 l.
454 4775 492 4839 18
507 4775 564 4838 iu..·
593 4772 753 4858 Κυρήνοος
775 4771 824 4850 cli,
847 4775 911 4837 τῶν
934 4771 981 4846 εἷς
995 4770 1054 4854 τὴν
1068 4767 1191 4853 βουλὴν
1205 4769 1436 4851 συναγομένων
1451 4761 1546 4849 ἀνήρ,
