3656 5444
784 395 817 462 V,
836 397 941 452 36-38
1475 406 1535 469 121

350 577 487 639 duumvir
505 577 642 638 inventus
657 585 703 638 est
717 575 934 656 (Friedlaender
948 578 1024 658 apud
1041 577 1181 641 Salletum
1196 584 1329 644 numism.
1345 583 1503 665 Zeiteclrn'st
1518 585 1538 646 6

350 701 378 762 p.
394 679 455 760 13),
471 679 501 742 id
515 681 593 760 quod
608 678 760 762 proprium
776 689 822 742 est
836 680 1016 743 coloniarum
1036 700 1053 743 a
1068 682 1189 745 Caesare
1204 693 1287 764 patre
1302 684 1538 749 constitutarum.

286 785 443 866 Aegyptus.

286 887 424 970 Cyrenae.

186 991 229 1052 Ad
252 1001 349 1072 partes
370 992 485 1074 imperii
509 1001 571 1054 tum
595 990 651 1052 suh
672 991 789 1070 regibus
808 991 981 1053 constitutas
996 991 1159 1066 Thraciam,
1183 995 1401 1076 Cappadociam,
1424 997 1539 1061 Maure·

187 1094 312 1170 taniam,
342 1097 413 1159 item
441 1097 472 1158 in
500 1095 633 1158 libertate
662 1095 837 1157 constitutas
867 1095 984 1176 Lyciam
1010 1105 1040 1157 et
1061 1096 1277 1178 Pamphyliam,
1306 1099 1337 1162 id
1358 1101 1454 1182 ipsum
1477 1121 1537 1164 non

186 1198 327 1280 pervenit,
350 1218 417 1262 eum
441 1199 476 1261 de
498 1198 534 1260 iis
557 1198 692 1280 princeps
715 1198 835 1260 omnino
857 1199 979 1261 verbum
1003 1217 1063 1260 non
1085 1199 1186 1274 laeiat;
1207 1202 1238 1264 in
1261 1202 1439 1268 Mauretania
1460 1215 1538 1268 certe

185 1311 216 1365 et
230 1302 403 1365 (antennam
427 1311 456 1366 et
471 1303 653 1383 Tupusuctu,
676 1321 800 1383 quarum
824 1322 912 1384 supra
936 1303 1133 1377 meminimus,
1156 1314 1187 1368 et
1207 1305 1276 1368 alias
1296 1308 1424 1370 colonias
1439 1308 1538 1390 plures

185 1407 335 1487 Augustus
357 1406 511 1470 constituit
533 1405 714 1487 (dluquardt
735 1408 754 1469 l.
778 1425 803 1469 c.
826 1427 854 1488 p.
870 1406 956 1484 487).

208 1711 271 1754 arr.
288 1693 316 1766 5,
333 1709 359 1753 aa
375 1710 400 1754 er
427 1689 509 1754 ltalia
530 1699 628 1752 antem
652 1688 935 1770 rxr111[cololnilas,
959 1709 1034 1769 quae
1056 1691 1120 1752 viro
1143 1709 1187 1752 me
1209 1693 1406 1756 celeberrimae
1427 1704 1458 1758 et
1478 1700 1538 1758 tre-

375 1814 402 1858 se
428 1793 637 1876 quentissimae
660 1796 787 1864 suerunt,
814 1795 894 1870 melis
916 1795 1044 1873 copies]
1066 1791 1070 1875 )
1090 1793 1227 1857 deductas
1250 1795 1366 1880 οοὺοο.)

186 1918 232 1961 on.
243 1899 291 1973 15,
305 1917 365 1960 nour
377 1915 405 1960 aa
429 1895 564 1974 ἸταΙλία
586 1894 623 1960 δὲ
646 1898 752 1959 εἴκοσι
776 1890 858 1958 ὀκτώ
874 1891 1033 1971 ἀποικίας
1048 1894 1113 1976 ἔχει
1130 1889 1184 1960 ὑπ’
1199 1897 1280 1981 ἐμοῦ
1295 1905 1537 1987 καταχθείμας,

428 2004 468 2062 al
487 1999 568 2083 ἐμοῦ
592 1996 764 2081 περιόντος
788 1995 1004 2082 alvertonam
1027 1999 1234 2085 ἐτῦνχανον.)

185 2133 218 2196 ln
247 2133 305 2196 fine
332 2131 415 2194 adl
443 2130 514 2213 quid
541 2129 682 2210 scriptum
710 2129 811 2205 tuerit,
838 2149 898 2192 non
928 2131 1033 2212 liquet:
1071 2131 1132 2212 Ego
1157 2134 1293 2197 dederam
1321 2135 1538 2218 [duodetn'pintn

187 2257 206 2300 a
233 2238 287 2316 me]
315 2237 462 2310 deductos,
491 2233 703 2297 Hirschfeldins
731 2234 760 2312 [e
790 2253 833 2296 me
860 2235 1012 2315 ampliatos
1038 2237 1097 2314 out]
1124 2237 1271 2312 deduces,
1300 2239 1441 2319 Bergkius
1469 2243 1537 2319 [meo

183 2344 263 2404 insen
283 2351 308 2402 et
323 2341 448 2418 nomiae]
463 2339 610 2412 deductam
632 2337 663 2400 in
678 2338 772 2419 lapide
788 2357 945 2402 numerum
960 2339 1018 2400 iam
1034 2347 1149 2402 constat
1161 2341 1202 2404 ibi
1217 2361 1290 2417 esse,
1306 2343 1356 2405 ubi
1372 2363 1419 2406 res
1434 2353 1538 2425 postu-

184 2445 226 2508 lat
239 2446 472 2525 collocarantquo
493 2443 558 2506 iure
581 2441 722 2521 Bergkins
744 2451 774 2504 ot
795 2441 1022 2516 Hirschfeldius,
1053 2453 1119 2522 post
1139 2446 1262 2525 [ueneat
1282 2457 1380 2510 autom
1404 2458 1539 2530 superest

185 2568 229 2612 me
257 2547 459 2611 deficientibus
486 2545 592 2609 litteris
618 2543 734 2607 circiter
762 2545 925 2608 duodecim.
969 2545 1130 2608 llitiioultas
1158 2567 1193 2610 eo
1220 2560 1343 2629 augetur
1364 2553 1444 2633 quod
1465 2572 1538 2616 cou-

185 2673 290 2716 sensus
312 2653 389 2715 inter
403 2653 546 2714 Graecum
563 2658 723 2712 vertentem
741 2644 796 2712 ὑπ’
818 2645 899 2733 ἐμοῦ
921 2658 952 2712 et
966 2649 1139 2712 Suetonium
1157 2652 1240 2734 (Aug.
1256 2654 1314 2716 46:
1335 2655 1452 2720 Italiam
1466 2657 1538 2720 doo-

186 2758 337 2838 detn'pa'nto
358 2757 535 2819 coloniorum
556 2771 674 2816 numero
699 2754 886 2816 deductorum
907 2755 943 2816 oo
965 2773 994 2816 se
1014 2755 1218 2836 (aequauerit)
1241 2755 1304 2819 sine
1319 2758 1408 2821 dubio
1423 2779 1458 2822 ex
1473 2760 1537 2841 ipso

184 2861 279 2924 indice
306 2860 483 2942 pendentem
510 2857 658 2939 postulare
686 2856 815 2932 ridetur,
843 2867 878 2921 ut
891 2856 951 2927 ‚hic
979 2876 1040 2919 non
1069 2856 1147 2919 aliud
1177 2859 1265 2922 luerit
1290 2860 1347 2922 uisi
1376 2863 1424 2926 oui
1450 2864 1538 2926 rerba

183 2986 203 3028 c
223 2985 268 3028 nec
290 2975 369 3028 recte
391 2973 421 3028 et
442 2964 526 3046 plene
548 2961 754 3042 respondeant.
785 2962 881 3036 Quare
902 2967 970 3026 οιοίο
985 2965 1118 3042 ompin'is
1131 2981 1240 3043 ponere
1256 2963 1346 3026 malui
1361 2985 1449 3046 quam
1465 2985 1537 3048 sup-

183 3070 366 3151 plementum
388 3067 582 3149 Bergkianum
612 3084 665 3146 per
693 3085 725 3128 so
752 3066 916 3148 optimum3
942 3085 1011 3128 uam
1038 3065 1165 3128 colonias
1187 3066 1223 3128 ab
1245 3067 1376 3147 Augusto
1398 3068 1537 3132 deductas

184 3192 284 3236 rerum
312 3181 358 3235 est
384 3191 487 3235 omnes
515 3179 566 3234 aut
587 3170 674 3232 lulias
702 3170 793 3232 dietas
816 3171 905 3234 fnisse
927 3179 979 3233 ant
999 3170 1154 3250 Augustas.
1198 3169 1305 3233 Videor
1326 3171 1397 3234 adeo
1419 3171 1449 3234 in
1473 3173 1536 3253 ipso

184 3287 286 3359 ectypo
308 3286 468 3340 extremam
491 3293 594 3338 versus
615 3273 743 3336 litteram
766 3293 781 3336 s
804 3275 876 3337 mihi
899 3272 1126 3356 deprehendisse
1148 3284 1311 3354 separatam
1334 3295 1350 3339 a
1372 3297 1417 3338 raa
1435 3275 1536 3339 decem

184 3381 347 3444 litterarum
370 3380 534 3454 intervall03
564 3397 629 3440 eam
652 3385 750 3440 tamen
774 3398 862 3460 supra
884 3396 992 3459 ponere
1013 3377 1109 3453 uolui,
1133 3378 1272 3458 quoniam
1295 3398 1354 3442 non
1377 3387 1537 3442 enatarunt

185 3487 236 3565 qui
257 3485 356 3566 ipsum
378 3484 505 3565 lapidem
528 3482 673 3545 viderunt.

283 3587 422 3662 Quaestio
450 3589 521 3650 haec
547 3595 581 3649 ut
607 3585 757 3648 inverbis
779 3585 957 3659 continetur,
979 3585 1019 3647 ita
1041 3585 1127 3664 longe
1149 3585 1311 3666 graviorem
1334 3595 1364 3648 et
1385 3585 1421 3648 ad
1442 3586 1535 3668 ipsam

183 3710 246 3754 rem
275 3693 470 3772 pertinentem
493 3710 527 3753 ea
550 3699 668 3752 movent
688 3689 757 3752 licet
778 3708 832 3770 per
854 3708 885 3751 se
908 3687 1140 3770 simplicissima,
1170 3691 1280 3753 scilieet
1301 3689 1371 3771 quid
1394 3689 1538 3770 significet

184 3795 329 3876 princeps,
352 3796 403 3858 ubi
425 3794 556 3877 loquitur
571 3793 606 3855 de
620 3792 700 3854 Italia
716 3791 796 3855 etde
812 3791 934 3854 coloniis
949 3812 965 3854 a
981 3810 1011 3853 se
1027 3792 1168 3854 deductis.
1206 3795 1268 3867 Qua
1284 3794 1320 3857 de
1334 3813 1366 3856 re
1380 3803 1535 3875 postquam

184 3918 279 3981 nuper
300 3901 366 3963 data
387 3919 475 3981 opera
497 3895 643 3979 disputari
664 3895 792 3959 colonias
815 3896 912 3959 ltaliae
935 3914 1091 3958 recensens
1113 3896 1251 3960 deductas
1273 3917 1289 3959 a
1313 3897 1392 3960 Sulla
1413 3897 1449 3959 ad
1464 3897 1536 3959 Ves—
1641 3943 1644 3948 -

183 4003 335 4084 pasionum
360 4002 497 4080 (Hermae
512 4003 568 4065 rol.
593 4001 632 4064 18
647 4021 676 4083 p.
695 4001 752 4063 161
770 4021 840 4082 seq,
865 4000 1036 4082 praesertim
1053 4019 1082 4080 p.
1102 4000 1184 4079 186),
1207 4001 1256 4064 hic
1270 4020 1344 4081 quae
1359 4000 1400 4062 ibi
1414 4000 1536 4082 exposui

184 4107 285 4187 paucis
307 4116 446 4189 repetam.

283 4211 393 4273 ltaliam
416 4209 543 4290 intellegi
565 4230 581 4272 a
603 4209 734 4291 principe
756 4228 830 4284 eam,
854 4228 928 4290 quae
950 4218 1014 4271 tum
1035 4207 1093 4271 fuit
1114 4227 1182 4270 cum
1199 4207 1325 4289 scripsit,
1348 4208 1378 4271 id
1393 4218 1439 4271 est
1453 4227 1535 4270 com·

184 4313 358 4393 prehensam
380 4313 456 4375 inter
471 4313 579 4375 Varum
602 4321 631 4375 et
646 4314 770 4389 Arsiam,
794 4331 863 4376 saue
885 4331 945 4374 non
968 4316 1044 4376 toret
1065 4312 1115 4392 qui
1137 4311 1395 4375 indubitationem
1410 4321 1535 4390 vocaret,

183 4416 238 4479 nisi
261 4426 360 4480 essent
381 4418 510 4480 coloniae
532 4417 655 4498 Augusti
677 4409 772 4480 certae
795 4425 824 4479 et
845 4415 959 4478 nobiles
981 4415 1156 4496 lllyricanae.
1194 4416 1268 4479 Nam
1283 4415 1426 4478 Emonam
1449 4419 1487 4494 (v.
1504 4415 1534 4477 C.

182 4520 203 4581 1.
220 4519 253 4582 L.
268 4521 307 4583 111
329 4543 356 4602 p.
373 4521 448 4602 489)
470 4520 500 4583 in
524 4521 637 4602 illyrico
659 4521 812 4596 inferiore,
841 4521 872 4582 in
895 4519 1045 4600 superiore
1066 4520 1149 4583 Iader
1170 4522 1210 4601 (v.
1227 4520 1258 4582 C.
1275 4519 1296 4582 1.
1312 4519 1345 4580 L.
1361 4519 1401 4581 111
1415 4539 1443 4600 p.
1460 4519 1535 4599 374)

182 4633 212 4687 et
232 4626 353 4688 Salonas
376 4626 410 4708 (l.
430 4645 455 4688 c.
475 4645 504 4706 p.
521 4624 614 4708 304),
643 4629 768 4690 fortasse
797 4627 885 4689 etiam
906 4626 1084 4706 Epidaurum
1107 4627 1138 4707 (1.
1155 4645 1180 4687 ο.
1195 4645 1225 4706 p.
1241 4623 1316 4704 287)
1338 4631 1368 4685 et
1388 4622 1535 4685 Naronam

183 4729 214 4808 tl·
230 4749 255 4792 c.
272 4750 299 4810 p.
316 4729 391 4809 291)
420 4730 539 4792 colonos
569 4750 638 4793 eum
665 4731 779 4794 misisse
810 4741 861 4794 aut
887 4739 1000 4793 certum
1031 4739 1148 4793 estant
1170 4740 1250 4792 certo
1272 4727 1454 4809 proximum,
1481 4745 1535 4789 uec

182 4833 371 4896 continentur
393 4834 523 4896 coloniae
544 4833 711 4916 illyricanae
733 4834 825 4915 capite
847 4833 992 4916 proximo,
1014 4853 1073 4914 quo
1094 4832 1191 4912 agitur
1210 4831 1246 4894 de
1265 4831 1387 4894 coloniis
1402 4829 1535 4892 deductis
