3730 5434
810 404 849 470 Π,
871 403 973 459 18-20
1520 405 1562 470 43

217 585 324 646 Actiaci
356 603 415 647 uon
449 583 620 648 dicebantur
653 604 747 664 neque
764 584 814 646 ulli
849 584 912 645 eius
945 584 1075 646 nominis
1103 584 1206 645 urbani
1235 603 1375 663 umquam
1406 583 1565 662 luerunt¹).

218 689 315 751 llinus
348 689 481 770 proprie,
515 689 565 751 sed
599 708 657 750 non
692 696 800 751 temere
832 689 863 749 bi
895 687 956 750 ludi
989 696 1124 768 poterant
1156 687 1296 748 celebrari
1328 687 1419 748 rideri
1447 695 1566 768 propter

218 792 413 872 principatum
437 813 532 874 pugna
555 793 601 854 illa
616 793 731 855 Actiaca
753 793 916 854 fundatum.
954 793 1138 870 Quamquam
1160 809 1219 852 non
1235 799 1354 871 propter
1368 793 1425 852 boc
1439 789 1566 852 resusci-

219 896 303 957 tarint
321 905 447 958 veterem
464 895 569 958 Norisii
591 895 757 976 opinionem
775 895 975 957 decennalium
992 904 1022 956 et
1036 894 1295 974 quinquennalium
1313 893 1565 975 imperatoriorum

219 999 361 1078 originem
385 1020 420 1061 ex
442 1001 487 1061 bis
509 1000 587 1062 ludis
610 1009 791 1080 repetentem
815 998 1023 1080 (v.Eclrbc18,
1047 999 1137 1078 476);
1160 998 1206 1059 oui
1223 997 1354 1079 opinioni
1370 999 1425 1060 boc
1440 999 1566 1060 maxime

219 1103 325 1177 obstat,
348 1105 425 1183 quod
453 1104 513 1165 ludi
543 1103 707 1183 dequibus
734 1103 848 1182 agimus
870 1102 1006 1162 celebrati
1027 1111 1098 1186 sunt
1120 1121 1180 1162 non
1203 1122 1254 1183 per
1276 1102 1487 1182 quinquennia,
1516 1102 1567 1162 sed

219 1208 322 1288 quinto
344 1226 460 1287 quoque
482 1225 568 1268 anno.
606 1206 696 1267 Multo
720 1206 818 1267 minus
840 1217 905 1267 vota
929 1206 1000 1266 baec
1025 1206 1129 1284 quinto
1151 1226 1268 1286 quoque
1290 1227 1367 1268 anno
1390 1215 1523 1287 suscepta
1539 1215 1568 1268 et

219 1330 286 1373 oum
310 1311 386 1372 ludis
409 1311 563 1372 coniuncta
579 1310 718 1371 conlundi
734 1310 849 1382 debent,
874 1318 907 1370 ut
921 1308 990 1370 lecit
1005 1309 1168 1390 Zumptius,
1191 1330 1258 1372 oum
1275 1311 1350 1372 votis
1365 1311 1469 1372 annuis
1485 1310 1567 1372 lactis

218 1415 255 1476 ab
290 1414 489 1476 sacerdotibus
524 1414 661 1476 omnibus
690 1413 844 1492 utriusque
871 1432 959 1474 sexus
987 1431 1040 1492 pro
1067 1412 1160 1474 salute
1189 1414 1373 1494 imperatoris
1400 1413 1446 1474 die
1473 1413 1567 1475 lanii

223 1518 299 1593 (vide
321 1537 396 1596 quae
418 1519 453 1579 de
476 1517 520 1578 bis
543 1516 602 1577 dixi
625 1517 655 1576 C.
672 1517 693 1577 l.
710 1517 741 1577 L.
759 1517 770 1578 l
793 1537 820 1597 p.
838 1516 920 1591 382).
945 1550 984 1558 —
1008 1516 1105 1577 Ludos
1120 1517 1203 1578 Actio
1220 1517 1343 1598 Apollini
1367 1536 1464 1579 sacros
1479 1517 1567 1578 etiam

220 1621 251 1681 in
282 1621 354 1682 urbe
383 1621 542 1682 celebratos
572 1639 635 1682 esse
667 1639 748 1681 more
770 1621 878 1682 Graeco
908 1629 936 1681 et
964 1619 1117 1693 habuisse,
1146 1631 1180 1681 ut
1201 1622 1368 1683 babuerunt
1388 1620 1496 1682 Actiaci
1518 1619 1569 1699 qui

220 1723 350 1804 Nicopoli
379 1724 553 1798 edebantur,
582 1743 704 1804 agonem
734 1725 877 1785 musicum
906 1732 936 1784 et
957 1723 1124 1803 gymnicum
1149 1723 1350 1802 circensesque
1373 1723 1439 1802 (llio
1462 1722 1511 1795 53,
1537 1722 1568 1801 1)

220 1827 368 1907 probabile
391 1835 450 1901 est3
473 1830 508 1890 de
530 1828 708 1890 circensibus
732 1847 783 1907 per
804 1845 911 1908 pueros
934 1827 1070 1906 virosque
1092 1827 1204 1888 nobiles
1227 1827 1313 1888 editis
1335 1827 1422 1888 etiam
1445 1826 1567 1888 Dionem

221 1931 348 1992 scribere
371 1931 497 1994 vidimus
518 1933 700 2011 athletasque
722 1931 834 2012 pugiles
856 1930 887 1990 in
911 1930 986 1992 ludis
1001 1930 1047 1990 bis
1062 1939 1189 1991 certasse
1204 1949 1239 1991 ex
1257 1929 1397 1991 Suetonio
1412 1929 1498 2009 (Aug.
1515 1929 1568 2008 44)

220 2034 374 2113 colligitur.
401 2069 434 2079 -
461 2035 559 2098 Ludos
582 2055 635 2117 pro
658 2034 821 2096 valetudine
837 2033 964 2095 Caesaris
987 2053 1045 2095 non
1062 2033 1182 2095 durasse
1197 2042 1265 2114 post
1279 2053 1430 2095 excessum
1447 2031 1570 2112 Augusti

220 2145 251 2198 et
276 2136 329 2198 Dio
362 2139 505 2219 significat
537 2148 568 2201 et
599 2145 827 2200 consentaneum
855 2147 917 2211 est;
951 2156 1010 2198 non
1041 2138 1194 2199 translatos
1220 2156 1284 2198 esse
1315 2137 1351 2198 ad
1378 2137 1569 2217 imperatores

221 2241 397 2321 posteriores
418 2243 584 2317 verisimile,
607 2242 745 2322 quoniam
769 2250 837 2322 post
862 2241 932 2303 illud
962 2249 1076 2322 tempus
1103 2249 1181 2303 certa
1202 2259 1305 2301 eorum
1328 2241 1406 2301 nulla
1429 2240 1570 2302 memoria

222 2354 371 2425 superest,
402 2365 476 2424 quae
505 2347 552 2408 vir
580 2347 716 2408 deficeret
742 2346 773 2406 in
802 2353 882 2406 tanto
909 2345 1046 2406 ludorum
1077 2344 1230 2424 splendore
1263 2352 1399 2423 tantaque
1430 2344 1569 2405 deludis

221 2447 323 2509 aetatis
350 2447 554 2528 imperatoriae
580 2449 816 2510 testimoniorum
845 2447 1030 2531 abundantia.
1074 2447 1208 2508 Fuerunt
1235 2447 1324 2526 igitur
1346 2446 1423 2508 inter
1444 2447 1569 2509 bonores

223 2560 368 2632 paternos,
391 2551 498 2631 quibus
521 2551 655 2614 Tiberius
678 2553 721 2614 uti
743 2552 896 2614 recusavit.

243 2853 307 2894 eur.
324 2833 353 2906 2,
370 2853 395 2896 rs
412 2855 434 2895 re
465 2833 620 2912 [Pn‘vbtlim
654 2833 741 2895 etiam
771 2843 801 2895 et
830 2832 1030 2913 municipatim
1059 2832 1186 2895 universi
1209 2831 1213 2916 Ι
1238 2837 1319 2912 [ciues
1340 2833 1572 2915 sacrificaverunt

406 2957 433 3000 ro
463 2939 580 3018 sempe]r
601 2939 678 3018 apud
701 2937 797 2999 omnia
820 2937 982 3017 pulvinalria
1004 2938 1058 3016 prd
1081 2935 1257 3014 vanitudine
1278 2939 1357 3014 meol.

264 3059 308 3101 un.
325 3041 354 3114 5,
372 3057 434 3100 terr
467 3039 530 3100 Καὶ
552 3041 620 3101 κατ’
645 3039 735 3102 ldiuv
757 3039 794 3102 dd
817 3039 871 3101 καὶ
892 3041 896 3124 Ι
916 3038 999 3102 κατὰ
1021 3037 1136 3113 πόλεις
1159 3033 1342 3112 σύνπαντες
1362 3035 1394 3103 oi
1409 3038 1564 3103 πολεῖται

405 3161 430 3203 ro
461 3137 708 3224 ‹ipodupuldffirl
732 3145 871 3222 συνεχῶς
893 3142 1021 3208 ἔθυσαν
1044 3139 1127 3226 ὑπὲρ
1149 3143 1204 3227 τῆς
1226 3141 1305 3226 ἐμῆς
1327 3143 1532 3228 σω[τ]ηρ1ας1.

222 3273 285 3335 Lat.
304 3273 342 3334 18
359 3273 532 3334 vocabulum
555 3277 747 3354 municipatim
768 3284 852 3336 antea
874 3275 1040 3337 coniectura
1062 3293 1078 3336 a
1105 3294 1153 3336 me
1174 3274 1344 3336 restitutum
1367 3273 1424 3335 iam
1452 3274 1570 3355 inipso

221 3377 315 3457 lapide
343 3377 450 3438 lectum
478 3386 532 3438 est.
555 3413 589 3421 —
620 3377 650 3438 V.
677 3379 714 3439 19
737 3377 787 3439 ubi
809 3397 890 3458 saepe
911 3379 1009 3458 posuit
1030 3378 1180 3456 Bergkius,
1204 3381 1335 3440 continuo
1357 3397 1419 3458 ego,
1442 3387 1570 3440 eruenta

221 3499 294 3558 quae
317 3490 451 3559 superest
472 3479 568 3542 littera
591 3501 609 3541 n
632 3488 791 3560 utrumque
820 3481 1055 3562 supplementum
1087 3481 1232 3562 refutavit.
1279 3483 1317 3542 19
1339 3480 1469 3542 iuream
1489 3481 1570 3542 ¹ileli-

220 3581 298 3643 ciant
319 3581 431 3643 litterae
453 3601 516 3655 xxv,
539 3602 565 3643 r.
582 3583 622 3645 20
643 3584 683 3644 in.
706 3583 777 3645 item
807 3602 867 3646 uon
894 3584 960 3665 plus
983 3603 1046 3656 uxr,
1076 3585 1279 3664 supplementa
1306 3601 1394 3663 supra
1420 3584 1569 3663 proposita

221 3704 280 3747 non
303 3694 382 3748 certa
403 3685 519 3766 quidam
545 3694 623 3760 sunt,
652 3687 703 3748 sed
729 3695 808 3748 recte
830 3689 1005 3768 procedunt3
1038 3687 1134 3750 verbis
1169 3689 1246 3768 opud
1278 3691 1373 3748 omm'o
1401 3686 1568 3766 pulvinario

221 3789 328 3850 Graece
351 3787 464 3851 videtur
484 3789 582 3870 aliquo
604 3791 692 3852 modo
714 3792 890 3872 respondere
913 3787 1144 3874 ‹ipodnpuddm

320 3890 364 3951 Ad
385 3910 447 3952 rem
471 3893 535 3954 vide
557 3913 631 3972 quae
653 3903 753 3956 narrat
767 3895 925 3957 Suetonius
940 3895 1012 3974 Aug.
1030 3897 1080 3968 59,
1103 3893 1228 3955 maxime
1251 3893 1337 3953 hacc:
1359 3895 1571 3974 promissionem

218 3995 371 4076 pleraeque
392 4015 478 4076 super
500 3999 604 4077 tempto
625 4009 652 4061 et
673 4016 740 4060 orus
762 3998 844 4060 ludos
866 4017 973 4078 quoque
995 3998 1217 4080 quinquennales
1229 4015 1319 4080 poure
1333 3995 1486 4077 oppidatim
1501 4013 1570 4057 cort-

221 4103 382 4160 stituerunt.
427 4098 469 4160 Cf.
486 4120 510 4161 c.
527 4101 567 4162 98
591 4111 621 4164 et
642 4102 780 4164 Horatius
802 4119 891 4164 carm.
909 4103 937 4174 4,
950 4102 979 4174 5,
992 4101 1029 4162 31
1049 4120 1092 4180 sq.
1115 4111 1144 4162 et
1165 4100 1218 4162 Dio
1235 4101 1337 4175 51,19
1360 4109 1390 4162 et
1410 4100 1468 4162 alii.
1511 4099 1571 4162 Nec

221 4203 408 4282 neglegemus
423 4221 460 4264 ne
482 4203 538 4266 boo
559 4203 677 4285 quidem
701 4206 764 4266 loco
785 4203 910 4286 lapidem
934 4205 1008 4267 inira
1031 4205 1148 4267 allatum
1171 4205 1206 4266 ad
1229 4203 1258 4277 3,
1271 4203 1320 4280 35,
1344 4201 1394 4265 ubi
1416 4202 1466 4283 qui
1489 4203 1570 4264 thea-

319 4497 340 4565 ¹)
363 4496 461 4562 Ludos,
488 4497 576 4565 quibus
604 4505 671 4550 testo
695 4499 817 4550 Suetonio
840 4498 897 4551 Tib.
916 4499 932 4550 6
957 4499 1087 4566 praesedit
1108 4496 1227 4550 Tiberius
1250 4499 1471 4563 adulescentulus,
1494 4499 1572 4550 artui

220 4582 338 4648 luerunt,
356 4591 385 4635 ut
404 4592 445 4635 est
462 4585 487 4634 iu
506 4585 594 4636 codice
611 4586 762 4637 Memmiano
781 4586 959 4652 confirmatque
978 4586 1046 4637 alter
1065 4586 1135 4636 locus
1153 4585 1267 4636 Suetonii
1284 4583 1343 4650 (Gai
1362 4585 1413 4650 20),
1431 4601 1480 4636 noa
1493 4585 1569 4650 Aetir',

220 4677 249 4722 ut
272 4671 333 4722 olim
356 4669 487 4722 edebatur.
522 4670 557 4721 Do
582 4673 695 4724 Actiacis
719 4673 787 4723 ludis
810 4671 948 4724 celebratis
974 4673 1091 4738 Nicopoli
1115 4679 1140 4722 et
1162 4671 1227 4723 alibi
1246 4672 1304 4722 vide
1325 4671 1351 4722 C.
1369 4670 1387 4722 l.
1406 4670 1451 4722 Gr.
1466 4687 1490 4721 n.
1503 4671 1570 4721 5891

221 4757 311 4824 quique
329 4757 366 4807 ibi
384 4757 512 4818 citantem
531 4757 592 4809 item
610 4775 673 4825 quae
690 4757 849 4824 scripserunt
867 4758 998 4811 Haemum
1016 4774 1073 4811 auu.
1086 4759 1144 4810 inst.
1158 4759 1226 4810 arob.
1244 4757 1306 4810 1865
1324 4775 1347 4824 p.
1363 4759 1410 4809 105
1428 4764 1456 4809 et
1472 4757 1570 4809 Desara

220 4843 278 4896 nott.
296 4841 351 4895 ‹tett’
370 4845 428 4896 inst.
448 4843 512 4897 1881
531 4861 554 4911 p.
569 4845 626 4898 139.
