3656 5444
758 385 810 454 111,
829 387 935 442 35-39
1487 390 1528 452 75

171 567 271 631 buisse
299 567 414 630 nummi
445 567 508 630 eius
535 567 729 645 declarant¹);
756 565 861 629 Caesar
888 575 987 630 autem
1016 584 1083 629 cum
1112 569 1147 630 ad
1170 567 1288 630 dotium
1316 566 1418 648 quinta
1446 575 1529 647 parte
1636 623 1638 628 .

171 674 323 753 copiarum
346 672 468 734 inferior
495 680 573 734 esset
595 671 754 748 (Plutarch.
771 673 877 732 dnton.
894 671 948 746 61)
971 689 1067 750 neque
1093 669 1161 732 alibi
1190 689 1225 732 eo
1256 681 1387 752 tempore
1414 669 1528 732 iustum

171 775 334 838 exercitum
358 775 486 846 baberet,
508 774 634 855 amplius
656 775 758 855 viginti
781 777 912 855 quinque
934 774 1063 854 legiones
1087 783 1150 836 tum
1174 775 1312 837 babuisse
1327 793 1388 837 non
1402 773 1527 847 videtur,

171 879 208 942 ad
229 899 302 959 quas
325 898 392 940 oum
415 888 483 959 post
504 877 654 940 victoriam
678 878 871 942 accessissent
891 877 1080 951 Antonianae,
1103 895 1208 940 rursus
1223 878 1350 959 praefuit
1364 877 1527 958 legionibus

171 983 289 1045 circiter
310 983 529 1063 quinquaginta.
573 983 634 1044 lam
657 1000 725 1044 vero
748 1001 818 1062 pace
845 992 923 1043 terra
953 981 1085 1062 marique
1114 990 1197 1063 parta
1234 981 1350 1062 publice
1378 984 1530 1062 professus

172 1087 348 1150 sulleeturas
373 1085 497 1166 imperio
526 1085 656 1166 legiones
678 1104 762 1158 xvrrr,
797 1085 953 1148 duodecim
986 1087 1096 1166 primas
1131 1105 1207 1166 quas
1241 1085 1366 1147 babebat
1397 1085 1528 1159 retinuit,

171 1191 300 1270 reliquas
333 1210 349 1251 a
384 1189 468 1251 tertia
501 1189 612 1251 decima
646 1189 714 1251 inde
753 1191 960 1252 exauctoravit.
1015 1189 1149 1252 Retinuit
1186 1198 1334 1270 praeterea
1369 1207 1404 1250 en
1439 1188 1528 1269 Lepi-

171 1294 266 1356 dianis
288 1293 497 1356 nannianisve
518 1312 568 1355 sex
591 1293 661 1355 alias
683 1294 739 1355 sub
762 1293 894 1356 numeris
917 1293 1056 1374 antiquis,
1079 1293 1130 1372 qui
1151 1293 1261 1374 pariter
1286 1293 1361 1384 infra
1387 1290 1527 1354 duodeci-

173 1399 298 1461 marium
322 1407 513 1468 essentum
537 1407 597 1458 tam
620 1398 725 1478 opinor
747 1417 783 1460 ne
806 1398 934 1460 militum
964 1396 1026 1458 suis
1055 1396 1188 1459 numeris
1215 1398 1405 1459 adsuetorum
1435 1394 1527 1457 animi

171 1501 316 1565 eiusmodi
339 1500 501 1563 mutatione
529 1501 785 1574 conturbarentur,
813 1519 902 1581 quarn
931 1511 963 1563 ut
991 1500 1076 1580 vulgo
1104 1518 1204 1562 rerum
1234 1518 1340 1581 parum
1369 1499 1463 1580 perito
1490 1517 1527 1560 nc

171 1608 239 1688 plus
255 1605 408 1667 duodecim
423 1604 553 1685 legiones
576 1604 683 1666 habere
708 1604 870 1676 videretur,
899 1623 966 1666 curn
996 1603 1116 1665 haberet
1144 1603 1351 1683 duodeviginti.
1401 1601 1444 1664 Ne
1471 1604 1528 1664 hoc

172 1709 291 1790 quidem
319 1706 512 1788 improbabile
541 1707 618 1786 quod
649 1709 796 1787 suggessit
824 1708 1020 1780 burmannus,
1048 1706 1174 1787 aliquam
1207 1726 1288 1788 spem
1311 1726 1380 1768 eum
1413 1705 1526 1768 civibus

173 1813 278 1876 iecisse
299 1811 454 1891 aliqnando
476 1811 605 1890 legiones
628 1812 782 1876 duodecim
805 1812 861 1874 sibi
884 1813 1057 1874 suffecturas
1079 1830 1143 1873 esse
1165 1820 1195 1873 et
1217 1811 1378 1892 geminatas
1393 1810 1523 1885 retineri,

173 1927 205 1980 ut
237 1925 338 1998 postea
370 1925 638 1978 exauctorarentur.
672 1953 714 1961 -
746 1914 835 1978 Auxit
873 1924 973 1977 eutem
1011 1914 1063 1977 bas
1103 1924 1171 1996 post
1203 1935 1296 1978 annos
1333 1913 1463 1996 quinque
1497 1923 1527 1976 et

173 2021 291 2100 triginta
312 2039 365 2101 per
387 2020 496 2082 bellum
521 2020 727 2101 Germanicum
756 2029 785 2082 et
809 2018 1011 2081 Pannonicum
1033 2039 1060 2081 a.
1077 2021 1138 2082 759
1160 2029 1227 2082 octo
1253 2019 1337 2082 novis
1363 2018 1526 2100 legionibus

171 2123 358 2204 conscriptis,
392 2134 427 2185 ut
459 2125 563 2185 fierent
595 2124 697 2204 viginti
731 2143 797 2196 sex;
830 2142 956 2203 quarum
990 2132 1057 2203 post
1095 2132 1154 2186 tres
1181 2144 1206 2185 a.
1228 2123 1289 2185 762
1322 2142 1338 2185 a
1373 2123 1526 2185 Germanis

172 2228 280 2291 deletas
313 2246 380 2289 cum
415 2237 604 2290 remanerent
635 2227 736 2308 viginti
774 2237 849 2300 tres,
887 2226 1001 2288 duabus
1038 2226 1122 2289 novis
1155 2225 1261 2289 additis
1295 2226 1424 2288 moriens
1456 2225 1526 2288 reli-

171 2331 236 2413 quit
257 2331 385 2412 legiones
407 2330 508 2412 viginti
531 2330 703 2412 quinquell.
747 2330 831 2405 Quod
848 2339 945 2392 autem
962 2330 1113 2411 Augustus
1128 2330 1165 2393 ab
1179 2350 1205 2392 a.
1222 2330 1283 2394 758
1299 2331 1429 2412 praemia
1445 2331 1524 2394 mili·

171 2453 383 2465 ——a

271 2505 291 2563 ¹)
310 2505 435 2571 Legiones
455 2503 581 2556 Antoniae
603 2504 697 2570 viginti
720 2505 784 2555 duee
807 2519 822 2555 e
845 2505 954 2555 secunda
979 2504 1010 2554 ud
1032 2503 1179 2556 vicesimum
1203 2504 1306 2556 tertiam
1330 2506 1396 2556 iusto
1421 2520 1525 2556 numero

173 2605 284 2641 nummos
308 2590 489 2653 signeveruut;
513 2588 566 2639 ruri
588 2596 648 2639 suut
666 2589 759 2639 nummi
778 2588 904 2654 legionum
922 2605 929 2638 ι
948 2587 995 2652 (sic
1008 2589 1154 2652 neuwen.
1173 2604 1234 2639 uxrn.
1252 2605 1304 2640 xxv.
1323 2605 1525 2641 savinianum

172 2671 267 2732 (Coben
288 2674 317 2726 1¹
334 2673 423 2739 pli),
442 2670 484 2723 sed
503 2671 569 2722 certi
587 2687 671 2723 omues
689 2672 807 2736 (omnium
821 2679 911 2739 ectypa
926 2671 1121 2723 Friedlaeudero
1133 2671 1305 2724 intercedente
1317 2673 1393 2724 bubni
1405 2688 1438 2724 cx
1456 2689 1525 2724 num-

172 2759 331 2828 mopbylaeio
344 2757 481 2826 Parisino),
502 2759 567 2809 nolli
586 2766 672 2810 certae
692 2759 749 2810 lidei
767 2759 847 2810 udbne
865 2760 961 2827 prolati
979 2759 1106 2824 legionum
1126 2774 1178 2809 nnn
1197 2765 1222 2811 et
1235 2774 1314 2810 ιιιιιι.
1338 2759 1460 2824 Legionis
1473 2760 1526 2827 pri-

172 2861 226 2898 unae
253 2846 303 2896 duo
326 2846 480 2911 exemplaris
500 2844 605 2897 alterurn
618 2851 748 2896 servatum
767 2844 792 2894 in
810 2843 966 2897 bibliotheca
984 2845 1123 2909 Vaticana,
1146 2845 1255 2898 alterum
1273 2846 1337 2912 apud
1356 2845 1527 2914 Depolettinm

171 2933 308 2984 Lovsttius
325 2931 450 2984 llomenns
468 2939 527 2984 ante
545 2933 591 2982 bos
610 2945 644 2980 xx
661 2945 741 2982 eunus
759 2931 791 2980 ud
809 2945 847 2982 me
866 2930 972 2997 scripsit
989 2938 1091 2997 reperte
1109 2945 1166 2982 esse
1184 2932 1209 2981 in
1228 2933 1349 2982 thesauro
1366 2931 1480 2998 quodum,
1498 2933 1526 2984 in

171 3036 219 3086 quo
238 3035 287 3069 nou
305 3027 392 3071 essent
412 3019 462 3070 nisi
481 3018 579 3070 denarii
598 3016 726 3083 legionum
745 3017 919 3082 Antoniorum,
937 3018 1037 3084 peculio
1057 3017 1179 3085 qnondam
1199 3019 1289 3085 opinor
1307 3018 1397 3069 militis
1415 3019 1526 3070 alieuius

171 3121 202 3157 ex
222 3105 339 3158 exercitu
357 3105 463 3156 Antonii
475 3104 592 3168 Actiaco,
610 3103 651 3170 qui
670 3103 788 3154 denarios
807 3103 868 3154 illos
887 3104 1007 3170 stipeudii
1026 3099 1125 3156 nomine
1137 3105 1293 3172 accepisset3
1313 3111 1341 3156 nt
1353 3105 1452 3171 reperti
1464 3113 1525 3157 sunt

170 3192 286 3244 tbeeuuri
309 3192 407 3243 similes
435 3207 483 3242 non
511 3190 632 3242 babentes
660 3191 710 3242 nisi
734 3191 802 3242 solos
826 3191 944 3242 denarios
968 3190 1113 3243 italicorum
1138 3191 1209 3254 (edin.
1230 3189 1388 3242 Mdnzuoesen
1415 3209 1437 3260 p.
1456 3191 1525 3255 32⁵).

172 3279 296 3342 Legiones
322 3293 505 3330 x11.ueu.xv1n
528 3277 593 3344 qnod
617 3278 688 3330 modo
712 3278 865 3345 simpliciter
888 3278 926 3329 itu
949 3277 1077 3343 dicuntur,
1101 3278 1173 3330 modo
1199 3278 1308 3330 adiectis
1334 3278 1525 3344 cognominibus

172 3375 218 3419 ιιι
235 3368 351 3431 antiquo,
370 3362 568 3428 xt'11elem'ra,
587 3373 666 3414 nrm
685 3363 777 3433 Lydios
795 3365 862 3432 (sie),
884 3365 943 3416 inde
962 3381 1010 3416 non
1029 3372 1100 3416 recte
1121 3365 1229 3430 colliges
1252 3366 1364 3430 gemines
1380 3366 1427 3417 lass
1446 3366 1525 3416 Anto·

173 3453 240 3504 ninru
258 3452 390 3514 bubnisse3
409 3451 468 3518 qnid
486 3451 551 3501 enlm
570 3451 674 3504 volebat
691 3453 849 3517 cognomine,
868 3465 973 3518 quorum
992 3453 1015 3503 iu
1034 3451 1178 3517 legionibus
1189 3467 1251 3504 usus
1265 3451 1398 3504 sollemnis
1409 3460 1526 3520 tempore

172 3539 250 3590 multo
264 3538 406 3606 posteriore
419 3537 535 3604 invaluit,
555 3538 699 3605 plerumque
713 3539 839 3600 omittere,
852 3537 980 3589 interdurn
992 3538 1155 3589 adscribere!
1181 3537 1267 3603 ltaque
1281 3538 1377 3590 numeri
1390 3539 1453 3590 setis
1466 3555 1525 3589 cou-

170 3626 276 3677 veuiunt
300 3624 455 3692 temporibus
473 3625 602 3686 Actiacis3
627 3641 683 3675 uem
705 3624 866 3690 undeviginti
889 3624 1005 3689 legiones
1022 3625 1053 3676 sd
1071 3625 1173 3676 Aetium
1191 3625 1317 3676 Antonius
1335 3640 1419 3676 seeum
1436 3624 1525 3676 bubnit

170 3711 311 3776 (Plutureb.
331 3713 424 3763 Anton.
444 3709 495 3776 68),
512 3717 542 3763 nt
560 3727 686 3763 sumamus
703 3711 858 3777 legionarios
877 3713 985 3763 nuribus
1003 3711 1135 3778 inpositos
1153 3712 1184 3761 sd
1203 3710 1296 3774 viginti
1313 3711 1383 3762 milis
1401 3725 1432 3761 ex
1446 3711 1525 3763 uude·

170 3799 263 3863 viginti
283 3798 337 3850 illis
356 3799 470 3850 delectos
488 3813 553 3862 esse,
573 3806 694 3866 quuttuor
712 3799 737 3849 in
758 3796 919 3850 Africanum
938 3798 1033 3865 Scorpo
1054 3796 1158 3850 luerunt
1176 3798 1263 3860 (Oros,
1282 3798 1424 3864 6,19,15).
1455 3797 1524 3850 Unde

171 3886 220 3937 leur
242 3885 364 3938 videntur
385 3885 514 3951 intellegi,
536 3901 596 3953 quus
619 3885 680 3937 olim
703 3885 885 3952 quaesiverunt
913 3885 966 3937 viri
992 3885 1074 3950 docti,
1102 3884 1203 3938 ocuusio
1230 3892 1350 3952 uetusque
1368 3899 1524 3936 nummorum

170 3972 274 4024 illorum
293 3972 503 4038 legionariorum:
526 3972 642 4023 nimirum
666 3972 762 4037 signati
787 3978 847 4022 snut
869 3986 914 4039 per
938 3986 960 4021 ι.
980 3971 1036 4022 722.
1058 3971 1120 4038 723,
1142 3987 1190 4037 qno
1217 3977 1331 4038 tempore
1348 3971 1476 4022 Antonius
1496 3971 1523 4022 iu

170 4058 266 4110 bebsin
285 4074 340 4110 curn
364 4059 480 4110 exercitu
503 4058 656 4110 morabatur.
694 4057 720 4109 ld
739 4073 769 4110 eo
792 4056 972 4124 conflrmstnr',
997 4059 1061 4125 qnod
1080 4058 1105 4108 in
1124 4074 1221 4109 annue
1239 4057 1350 4122 legionis
1369 4063 1476 4110 octenae
1498 4057 1523 4108 iu

169 4143 259 4196 dir-ies
276 4145 431 4197 constitutae
450 4144 496 4195 sub
514 4145 619 4196 Antonii
638 4147 723 4212 leguto
737 4145 765 4196 L.
778 4145 882 4196 Pinario
894 4144 989 4212 Scorpo
1002 4143 1108 4210 (Eelbel
1122 4144 1146 4208 6,
1159 4145 1205 4208 483
1224 4144 1306 4196 Ceben
1323 4145 1348 4195 1¹
1360 4161 1381 4210 p.
1395 4145 1427 4195 45
1441 4161 1464 4195 u.
1478 4145 1523 4210 80)

169 4231 295 4284 Antonius
317 4231 413 4284 dicitnr
434 4248 482 4284 cos.
496 4241 534 4282 111
549 4235 610 4301 imp.
629 4241 684 4300 1111,
707 4233 772 4300 quod
796 4231 916 4282 convenit
941 4232 989 4298 ipsi
1012 4247 1077 4283 enno
1097 4231 1153 4282 723.
1193 4231 1331 4296 Legionem
1350 4231 1478 4284 ordinatio
1497 4239 1524 4283 et

169 4319 329 4371 denariorum
353 4319 387 4370 iis
413 4319 596 4371 destinatorum
621 4323 711 4371 llatnru
730 4333 784 4370 cum
802 4319 940 4370 videantur
958 4318 1013 4385 peri
1031 4333 1106 4385 passu
1124 4318 1295 4385 processisse,
1314 4318 1455 4371 verisimile
1475 4325 1523 4383 est,

169 4422 221 4471 ees,
242 4421 346 4474 quernus
365 4405 458 4456 nummi
476 4412 520 4456 sut
538 4407 591 4458 reri
611 4413 670 4457 suut
686 4412 731 4456 ent
749 4405 852 4470 desunt,
874 4411 918 4456 unt
936 4405 1050 4472 proxime
1069 4413 1128 4456 unte
1147 4405 1271 4472 proelio·
1289 4406 1444 4457 constitutas
1466 4421 1522 4458 esse

169 4500 213 4543 sut
231 4492 322 4560 proelii
341 4499 453 4559 tempore
471 4491 603 4544 iucobstus
621 4491 802 4567 tantummodo,
824 4492 910 4558 itaque
929 4489 1065 4542 Antonium
1084 4507 1129 4542 unx
1148 4491 1275 4555 legionum
1295 4505 1425 4543 numerum
1442 4492 1522 4558 magis

169 4579 272 4646 explere
292 4577 406 4628 voluisse
424 4592 496 4642 queue
515 4577 667 4644 explevisse.

268 4664 289 4725 ⁹)
309 4663 336 4713 Si
355 4670 413 4714 aute
426 4679 448 4715 ι.
459 4663 508 4714 762
522 4665 602 4730 primu
614 4663 683 4728 legio
696 4665 765 4716 nulla
784 4665 810 4715 in
828 4665 943 4717 exercito
962 4662 1011 4715 luit
1022 4665 1059 4728 (v.
1071 4681 1095 4732 p.
1108 4665 1140 4716 68
1154 4682 1177 4714 n.
1193 4666 1224 4730 1),
1244 4665 1374 4728 Augustos
1391 4667 1422 4717 ad
1436 4680 1459 4715 ι.
1472 4663 1522 4715 759

169 4765 219 4801 usn
237 4745 381 4815 legionibus
399 4765 460 4802 neos
479 4758 528 4816 est,
546 4767 575 4802 eo
594 4767 658 4802 unno
677 4767 727 4802 xxv
746 4751 831 4803 effecit
850 4757 876 4802 et
893 4750 978 4803 tribus
996 4767 1018 4802 ι.
1033 4751 1081 4802 762
1099 4759 1127 4802 et
1145 4751 1227 4802 eaesis
1246 4758 1272 4802 et
1289 4753 1399 4805 adiectis
1417 4751 1522 4803 totidem

168 4836 280 4888 noricos
298 4836 412 4903 reliquit.
