3730 5434
347 395 390 459 36
960 391 998 458 Π,
1018 393 1086 447 2-5

346 571 686 642 666666666616661,
714 589 891 651 quamquam
919 571 983 650 1666
1013 571 1081 633 alibi
1106 570 1431 651 (8661666162905)
1462 571 1560 633 habui.
1604 573 1697 633 1666

347 675 428 756 prior
450 685 479 736 et
500 675 597 756 potior
619 679 697 750 (nam
722 674 811 736 altera
833 693 935 755 parum
960 675 1095 737 61166166
1119 695 1183 736 esse
1206 675 1267 755 ipse
1282 675 1336 738 Dio
1352 675 1506 756 significati
1524 677 1586 737 sine
1610 676 1696 738 dubio

347 799 414 859 pars
437 788 483 840 est
504 777 674 857 gravissima
690 773 790 840 earum
807 797 916 851 rerum,
940 797 1013 857 quas
1028 787 1061 840 ut
1074 778 1224 857 Augustus
1239 780 1400 859 perficeret,
1424 787 1542 842 senatus
1558 780 1584 840 ei
1599 799 1625 840 a.
1638 779 1697 841 735

347 892 377 945 61
399 883 460 944 736
483 901 583 944 curam
607 883 703 961 legum
728 900 904 962 morumque
926 881 1033 943 obtulit
1054 901 1185 962 quasque
1209 901 1276 942 mox
1293 882 1449 944 tribunicio
1464 884 1528 946 iure
1543 893 1698 946 contentus

346 987 467 1068 perfecit
479 986 556 1065 (ride
572 1005 659 1066 supra
675 1005 704 1066 p.
717 985 786 1064 28);
801 1005 896 1065 neque
911 986 938 1048 ei
954 985 1075 1064 gestioni
1089 986 1166 1047 solae
1180 987 1260 1064 leges
1270 987 1343 1047 latae
1359 987 1518 1066 6611161661,
1535 988 1584 1048 sed
1600 988 1697 1066 requi-

346 1090 423 1151 ritur
444 1089 514 1151 item
538 1107 655 1151 morum
679 1089 822 1150 correctio
844 1089 938 1170 aliqua
960 1089 1084 1169 insignis
1099 1098 1129 1151 et
1143 1109 1252 1151 severa.
1283 1091 1383 1170 ltaque
1406 1091 1458 1152 bas
1481 1091 1554 1152 duas
1577 1100 1695 1152 senatus

346 1193 485 1255 lectiones
512 1211 537 1253 a.
555 1192 616 1253 736
643 1192 756 1252 61757
785 1192 834 1269 qui
864 1191 941 1253 inter
968 1201 1027 1254 tres
1055 1202 1205 1267 numerat,
1234 1202 1344 1256 statuat
1369 1213 1489 1256 necesse
1516 1204 1562 1256 est
1590 1214 1694 1256 census

346 1296 446 1378 populi
475 1296 579 1357 6746
602 1295 715 1356 61767
743 1294 777 1355 ad
808 1304 940 1358 senatum
972 1316 1031 1357 non
1061 1297 1235 1376 pervenisse.
1281 1295 1370 1376 Magis
1400 1306 1497 1358 tamen
1525 1297 1695 1358 crediderim

346 1420 412 1462 cunr
442 1400 537 1462 tribus
564 1398 700 1460 censibus
727 1417 752 1458 6.
770 1397 840 1460 726.
865 1400 936 1460 746.
960 1400 1021 1461 767
1049 1408 1109 1461 tres
1137 1410 1256 1463 senatus
1285 1401 1424 1462 lectiones
1447 1401 1597 1461 institutas
1619 1420 1696 1474 essm

346 1523 413 1565 narn
443 1503 570 1583 legitime
597 1511 715 1564 senatus
744 1501 830 1562 lectio
857 1522 888 1563 re
919 1512 1010 1578 certe,
1038 1523 1217 1584 quamquam
1245 1523 1303 1565 non
1332 1503 1396 1566 iure
1424 1523 1492 1585 pars
1518 1514 1564 1565 est
1591 1524 1696 1566 census

345 1607 445 1690 666611
467 1606 591 1667 1166661
614 1606 800 1686 (Stoutsreobt
821 1605 860 1664 2²
880 1627 908 1685 p.
925 1607 998 1683 415)
1011 1626 1148 1690 eumque
1170 1607 1318 1688 praecedit
1338 1607 1453 1688 (16.6.
1471 1607 1555 1686 415),
1580 1608 1696 1670 suadet-

346 1732 404 1791 que
426 1711 503 1773 idem
528 1729 601 1788 quae
626 1711 655 1770 in
671 1709 766 1770 indice
782 1710 881 1770 statim
898 1709 1031 1789 sequitur
1047 1711 1136 1772 trium
1153 1731 1295 1772 censuum
1312 1712 1395 1791 plena
1411 1711 1565 1773 enarratio.
1603 1711 1695 1784 Quam

346 1818 384 1878 ob
410 1835 473 1877 rem
502 1812 658 1875 verisimile
688 1821 734 1874 est
755 1813 919 1892 Augustum
944 1813 1047 1876 6736
1071 1816 1184 1876 61757
1214 1825 1348 1876 6666166
1378 1815 1417 1876 116
1445 1834 1599 1895 purgasse,
1623 1824 1695 1876 616

345 1920 475 1999 legitimo
501 1927 619 1980 senatus
647 1917 762 1996 legendi
789 1918 928 1979 vocabulo
954 1917 1126 1992 abstineret,
1153 1917 1208 1980 hos
1233 1927 1331 1980 antem
1354 1937 1493 1979 recensus
1515 1927 1595 1980 extra
1619 1917 1696 1979 ordi-

345 2041 413 2084 nem
437 2025 528 2084 factos
552 2022 581 2081 in
604 2020 699 2082 indice
723 2021 905 2101 praeteriisse
927 2031 1047 2102 propter
1069 2021 1169 2083 odium
1192 2021 1259 2083 inde
1282 2030 1462 2100 generatum.

424 2325 487 2366 mr.
504 2305 562 2378 2,6
590 2312 620 2366 61
647 2305 680 2364 16
708 2302 861 2364 consultui
891 2313 973 2364 sexto
1002 2304 1122 2366 consum
1153 2305 1254 2385 populi
1281 2306 1399 2384 conlega
1427 2305 1464 2364 Μ.
1486 2304 1611 2385 Agrippi
1641 2305 1695 2384 egi.

548 2428 560 2468 a
588 2406 788 2490 §iLbstrnm
818 2414 885 2486 post
913 2426 1024 2469 annum
1055 2409 1179 2470 alterum
1211 2417 1241 2468 et
1267 2409 1544 2488 quadragensimum
1571 2409 1656 2486 166111.
1679 2412 1697 2482 §

549 2531 561 2574 a
589 2513 654 2584 Qud
677 2510 770 2572 ldstro
800 2508 917 2588 civiium
944 2510 1144 2573 Romanorum
1173 2529 1259 2572 censa
1289 2521 1360 2571 sunt
1386 2509 1478 2589 capita
1507 2511 1697 2590 quadragiens

547 2635 560 2676 5
588 2623 708 2676 eentum
732 2613 821 2675 millia
845 2623 874 2674 et
897 2615 1075 2694 sexa'g[i]nta
1098 2615 1152 2676 tria
1176 2612 1272 2675 millia.
1297 2615 1332 2690 [§]

346 2739 391 2780 on.
408 2721 437 2792 4,
455 2737 518 2781 66
534 2736 560 2779 6
580 2713 694 2779 Ἕκτον
720 2710 855 2792 tinnitos
883 2716 941 2799 τήν
973 2713 1213 2800 6616666666
1248 2717 1305 2779 τοῦ
1331 2713 1437 2799 δήμου
1465 2713 1697 2799 συνάρχον1616

534 2841 559 2882 6
587 2817 675 2899 ἔχων
703 2816 842 2900 Μάρκον
864 2814 1053 2902 Ἀγρίππαν
1080 2818 1217 2900 ἔλαβον,
1247 2815 1318 2903 ἥτις
1340 2815 1588 2903 ἀποίίῑείμηῙσις
1617 2821 1698 2902 μετὰ

536 2943 559 2985 tt
588 2921 755 3005 [δεύτερον]
786 2921 1047 3003 τεσσαρακοστὸν
1080 2921 1243 3003 ἓνιανὶτὸν
1276 2923 1543 3006 [σ16ν61κ116ίσθη.
1591 2917 1646 2988 Ἕν
1677 2917 1697 3010 ᾗ

535 3048 559 3089 ts
589 3023 805 3109 ἇποτειμὴσει
826 3021 1017 3107 ‘Purpurioni
1038 3021 1289 3108 e'zerlpq'olulvool
1314 3023 1455 3109 nequiori
1476 3025 1696 3110 τετρακοΊσιαι

535 3153 561 3194 to
589 3127 762 3213 61ξήκον166
784 3126 950 3210 μνίριάδες
972 3128 1028 3189 καὶ
1050 3128 1249 3211 τρισχίλιοι1.

345 3263 378 3324 16
402 3261 545 3343 principio
568 3260 738 3323 Latinorum
762 3270 787 3320 et
811 3259 952 3331 abundem
974 3277 1029 3337 ego
1054 3259 1142 3320 deleri
1173 3260 1254 3332 iussi,
1285 3259 1427 3340 Bergkius
1457 3262 1605 3342 transponi
1628 3273 1695 3342 post

345 3369 396 3446 epi.
430 3366 463 3425 16
485 3366 601 3426 Graecis
622 3365 716 3425 adhuc
737 3362 877 3423 edebatur
900 3359 1026 3438 ἐγένετο
1050 3382 1101 3442 pro
1124 3383 1158 3424 eo
1181 3364 1259 3442 quod
1281 3373 1327 3424 est
1349 3363 1577 3448 συνεκλείσθη,
1593 3367 1695 3428 66166-

346 3477 473 3546 runtque
496 3475 625 3528 extrema
647 3467 715 3527 inde
738 3487 754 3527 a
777 3462 929 3546 κεφαλαί.

445 3570 486 3630 [te
515 3569 651 3631 censibus
678 3569 714 3630 ab
735 3569 867 3648 Augusto
893 3568 965 3636 actis
991 3587 1058 3630 oum
1083 3570 1224 3632 sinceram
1249 3580 1279 3632 et
1300 3573 1504 3634 intemeratam
1527 3553 1694 3635 relationem

347 3673 378 3734 in
402 3674 497 3735 indice
519 3673 611 3753 ipsius
634 3674 803 3746 habeamus,
827 3691 887 3733 non
910 3671 1070 3734 omittenda
1093 3682 1164 3735 sunt
1185 3693 1259 3754 qnae
1281 3675 1316 3736 de
1330 3675 1366 3736 iis
1382 3676 1500 3737 annales
1516 3677 1697 3738 tradiderunt

346 3777 454 3858 quique
475 3797 510 3838 ex
533 3777 686 3838 annalibus
709 3777 846 3858 pendent,
868 3776 1006 3856 quoniam
1031 3777 1141 3838 1661661
1162 3778 1696 3841 661661666661666666161166116-

347 3901 424 3942 nem.
474 3881 511 3941 Et
539 3881 698 3942 Suetonius
726 3881 844 3958 quidem
876 3880 955 3959 quod
983 3879 1084 3940 scribit
1110 3899 1134 3940 6.
1151 3879 1207 3941 27;
1235 3885 1339 3962 recepit
1366 3877 1532 3944 6166666
1553 3883 1697 3964 lupumque

344 3991 469 4064 666666
491 4032 498 4045 .
514 4030 542 4045 ..
563 3995 747 4065 perpetuum·
770 4003 823 4064 quo
843 3989 915 4050 iure.
931 4003 1105 4064 quamquam
1118 3987 1176 4045 sino
1191 4004 1326 4047 censurae
1341 3985 1454 4057 bonore,
1477 3997 1697 4048 6666616666

344 4089 445 4167 populi
463 4099 507 4148 ter
528 4093 583 4168 6611
600 4091 728 4170 primum
750 4105 785 4147 oc
807 4092 922 4150 tertium
944 4106 1009 4150 cum
1030 4087 1144 4166 6611666,
1166 4089 1396 4162 6661666666,
1419 4088 1542 4168 dempto·
1553 4089 1696 4169 principio

346 4191 382 4250 de
411 4209 479 4250 cura
506 4191 618 4270 legum,
652 4210 740 4270 quam
771 4209 860 4270 supra
892 4191 1018 4252 vidimus
1046 4189 1211 4269 Augustum
1243 4193 1441 4266 recusavisse,
1470 4211 1570 4254 rerum
1600 4193 1696 4264 tradit

345 4293 489 4373 pendens,
518 4305 551 4356 ut
573 4295 701 4368 videtur,
724 4313 759 4355 ex
781 4293 846 4375 ipso
870 4293 974 4354 indice.
1018 4294 1056 4355 m
1078 4293 1162 4373 longe
1184 4295 1237 4356 alie
1259 4296 1340 4358 ratio
1357 4306 1402 4358 est
1423 4295 1532 4357 Dionis.
1574 4295 1648 4357 Eum
1671 4295 1696 4355 si

347 4396 506 4476 sequimur,
522 4399 672 4477 Augustus
692 4398 821 4478 primum
840 4395 941 4478 populi
955 4415 1073 4457 censum
1092 4397 1151 4476 egit
1165 4417 1218 4478 per
1233 4419 1258 4460 a.
1275 4399 1346 4460 725.
1364 4399 1425 4460 726
1441 4398 1503 4475 (52,
1520 4399 1571 4460 42.
1587 4398 1636 4471 53,
1656 4399 1695 4477 1),

346 4499 454 4561 iterum
486 4520 512 4561 6.
536 4499 596 4562 735
630 4521 688 4562 666
715 4521 782 4563 666
816 4520 885 4562 666
908 4501 1002 4578 legum
1026 4511 1199 4580 potestatem
1223 4505 1384 4564 censoriam
1409 4503 1439 4563 in
1461 4499 1695 4581 quinquennium

347 4603 458 4684 recepit
479 4605 542 4682 (54,
568 4606 622 4665 to:
658 4602 856 4687 ἐπιμελητής
885 4625 921 4666 τε
949 4607 1014 4667 τῶν
1039 4603 1171 4687 τρόπων
1199 4604 1231 4678 ἐς
1261 4608 1359 4670 πέντε
1388 4603 1441 4687 ἔτη
1469 4603 1697 4687 παρακληθεὶς

347 4703 631 4790 διεχειροτονήίίη,
665 4704 722 4770 καὶ
756 4705 815 4790 τήν
841 4705 996 4779 ἐξουσίαν
1021 4706 1079 4790 τήν
1105 4709 1165 4790 μὲν
1193 4709 1258 4772 τῶν
1284 4709 1428 4791 τιμητῶν
1454 4707 1487 4782 ἐς
1514 4707 1572 4771 τὸν
1598 4702 1698 4769 αὐτὸν

347 4807 556 4891 χρόνον
579 4809 723 4893 ἔλαβεν),
752 4811 870 4873 tertium
900 4831 926 4872 6.
944 4811 1004 4872 742
1032 4813 1079 4894 (66
1107 4809 1184 4874 6166
1216 4821 1328 4895 6666161
1353 4812 1433 4894 quod
1460 4811 1562 4874 scribit
1583 4813 1632 4884 54,
1655 4809 1695 4873 28
