3656 5444
335 379 398 443 140
937 373 985 441 VI,
1007 376 1074 430 1-3

328 555 470 618 Evansius
493 557 565 637 (1.6.
581 575 610 638 p.
629 556 700 631 159)
723 573 861 616 nummos
884 554 1039 635 inscriptos
1055 555 1078 615 T
1076 560 1121 618 ina
1137 602 1144 618 .
1162 602 1169 616 .
1187 604 1194 618 .
1212 556 1251 632 ..¹)
1277 556 1387 619 Gummi
1405 557 1522 638 1111166),
1545 567 1677 636 repertos

329 661 499 742 praesertim
527 660 557 721 in
588 659 706 740 regione
728 661 848 733 Sussex,
879 667 1034 739 potestque
1060 663 1183 722 fortasse
1212 660 1327 722 delendi
1352 661 1383 722 in
1410 660 1504 742 lapide
1524 660 1677 740 Ancyrano

330 764 507 845 superfuisse
535 783 594 825 rin
625 773 655 825 61
682 773 859 844 postremam
886 762 1013 825 litteram
1041 766 1161 825 tractam
1190 781 1289 825 errore
1315 782 1368 844 pro
1391 784 1414 824 u
1435 774 1581 843 acceptam
1602 783 1676 824 esse

330 869 386 930 Sed
409 869 439 929 in
462 867 604 929 eiusmodi
628 886 660 929 re
682 867 773 929 satius
795 875 841 928 est
861 866 1007 928 abstinere
1028 885 1044 928 a
1066 867 1256 934 coniecturis

429 972 469 1033 116
491 971 621 1034 Maelone
643 971 686 1034 sic
709 971 813 1033 Strabo
836 971 865 1044 7,
883 970 909 1043 1,
926 971 945 1030 4
961 990 989 1050 p.
1006 970 1065 1032 291
1090 971 1164 1032 bella
1185 990 1324 1033 enarrans
1339 971 1464 1050 Augusti
1485 972 1676 1034 666166666-

330 1094 445 1138 manos:
469 1072 605 1158 ἦρξανῑο
628 1072 665 1136 δὲ
685 1075 742 1136 τοῦ
758 1070 904 1155 πολέμου
919 1069 1127 1158 Σούγαμβροι
1144 1072 1287 1158 πλησίον
1302 1073 1464 1147 οἰκοῦντες
1478 1074 1536 1136 τοῦ
1548 1070 1676 1157 Ῥήνου,

333 1178 475 1242 Μέλωνα
498 1176 624 1257 ἔχοντες
646 1172 787 1261 ἡγεμόνα
792 1205 803 1254 ,·
825 1177 896 1239 item
920 1197 948 1258 p.
964 1176 1026 1239 292
1049 1179 1194 1240 narratio
1210 1179 1359 1260 triumpho
1375 1178 1675 1241 Germaniciductnm

328 1303 392 1344 essc
407 1281 600 1362 Doudorigem
615 1280 737 1364 Melonis
759 1281 857 1342 fratris
879 1280 970 1341 lilium
988 1281 1194 1361 Sugambrum.
1231 1281 1443 1362 ASugambris
1464 1300 1531 1343 cum
1548 1281 1676 1364 Usipetis

240 1453 245 1465 ,
328 1395 358 1448 61
379 1386 530 1447 Tencteris
552 1384 692 1446 Romanis
715 1384 790 1446 illata
814 1393 859 1446 est
880 1383 975 1445 clades
992 1383 1118 1446 Lolliana
1140 1405 1166 1446 a.
1183 1385 1243 1448 738
1267 1385 1332 1464 (1116
1348 1386 1398 1454 54,
1414 1385 1470 1461 29;
1498 1385 1623 1447 Velleius
1645 1386 1676 1460 2,

329 1489 386 1565 97;
403 1488 562 1552 Suetonius
577 1489 650 1568 Aug.
666 1487 734 1563 23);
756 1487 860 1549 deinde
876 1506 975 1568 pacem
992 1491 1124 1550 lecerunt
1140 1489 1203 1559 (1116
1219 1491 1237 1550 l.
1254 1508 1294 1564 c.;
1317 1488 1415 1550 llorat,
1429 1507 1518 1550 carm.
1535 1489 1564 1562 4,
1580 1487 1609 1562 2,
1625 1489 1676 1550 36.

333 1596 381 1668 14,
399 1595 436 1655 51
454 1593 551 1654 addito
566 1591 692 1653 Franldo
707 1594 771 1653 fast.
788 1591 857 1653 Hor.
874 1611 902 1672 p.
919 1589 997 1666 298;
1020 1591 1151 1673 Propert.
1168 1594 1196 1667 5,
1212 1593 1240 1665 6,
1258 1595 1321 1668 77),
1337 1592 1388 1654 sed
1404 1611 1472 1654 cum
1487 1592 1677 1654 rebellassent

331 1718 356 1759 a.
373 1697 449 1770 742,
477 1696 613 1776 deinceps
642 1695 773 1757 abraso
802 1714 894 1774 eoque
923 1703 1039 1756 mortuo
1064 1715 1079 1757 a
1103 1695 1218 1758 Tiberio
1241 1695 1356 1776 saepius
1379 1695 1447 1756 victi
1471 1695 1536 1772 (Dio
1558 1697 1609 1770 54,
1624 1695 1674 1757 32.

332 1801 382 1862 33.
399 1800 462 1876 36)
475 1799 608 1861 debellati
630 1798 746 1860 tandem
769 1819 794 1860 a.
812 1799 872 1861 746
895 1798 962 1877 (bio
978 1800 1027 1872 55,
1043 1799 1078 1872 6;
1100 1799 1170 1861 vett.
1187 1800 1216 1874 2,
1233 1799 1287 1880 97)
1309 1809 1340 1861 61
1361 1799 1391 1861 16
1408 1797 1528 1860 Galliam
1552 1799 1677 1861 traducti

333 1912 412 1966 sunt.
457 1901 613 1964 Suetonius
627 1901 700 1981 bug.
717 1900 775 1962 21:
796 1900 902 1963 Suebos
923 1912 948 1962 et
967 1900 1130 1982 Siqambros
1152 1903 1286 1965 dedentes
1300 1923 1329 1965 se
1350 1904 1483 1982 traducit
1504 1905 1536 1964 iu
1553 1901 1676 1965 Galb'am

329 2017 411 2087 atque
439 2011 470 2068 in
494 2009 636 2086 pernimis
663 2003 759 2067 111666
787 2008 862 2084 aqris
889 2003 1043 2067 collocavit.
1092 2005 1155 2068 Tib.
1179 2009 1198 2070 9
1230 2006 1309 2082 (inde
1338 2006 1461 2068 Orosius
1484 2007 1517 2081 6,
1542 2006 1596 2081 21,
1619 2006 1675 2080 24;

329 2109 487 2190 Eutropius
514 2111 542 2182 7,
560 2110 609 2189 9);
643 2108 811 2170 Germanico
839 2107 937 2184 (bello)
966 2109 1157 2190 quadruplata
1186 2110 1266 2172 milia
1294 2111 1488 2172 dediticiorum
1513 2113 1623 2173 traiecit
1644 2113 1675 2172 ia

332 2213 455 2276 Galliam
476 2218 612 2296 iunctaque
633 2216 728 2294 ripam
742 2213 835 2275 Rheni
852 2213 964 2274 sedibus
986 2212 1141 2292 adsignatis
1162 2214 1317 2277 collocavit.
1348 2213 1483 2275 Tiberius
1498 2213 1574 2293 apud
1589 2213 1675 2274 Taci-

331 2327 392 2380 tum
416 2336 484 2379 ann.
503 2317 531 2390 2,
548 2316 588 2378 26
605 2320 653 2393 (61.
677 2317 724 2392 12,
742 2317 795 2396 39)
821 2315 951 2378 scribens
973 2316 1009 2376 ad
1032 2315 1237 2378 Germanicum
1260 2337 1288 2379 se
1310 2321 1405 2378 novies
1427 2337 1446 2378 a
1468 2317 1531 2378 diuo
1554 2315 1674 2396 Augusto

328 2426 359 2483 in
382 2419 564 2484 Germaniam
586 2425 702 2482 missum
722 2420 811 2500 plura
831 2420 945 2481 oonsilio
968 2438 1053 2500 quam
1074 2424 1105 2481 oi
1124 2423 1283 2501 perfecisse,
1305 2425 1343 2482 sie
1358 2420 1531 2500 Suqambros
1552 2423 1583 2480 ia
1598 2419 1675 2480 dedi-

328 2530 431 2586 tionem
457 2535 590 2605 acaeptos.
635 2523 775 2595 3166117,
800 2525 827 2597 1,
849 2523 867 2584 3
891 2522 1008 2604 6299.
1047 2522 1120 2584 Vict.
1142 2523 1210 2603 epit.
1228 2525 1255 2596 1,
1271 2526 1299 2585 7.
1334 2523 1488 2585 Probabile
1513 2533 1560 2584 est
1586 2543 1673 2602 quam

327 2632 425 2708 lugam
448 2627 482 2690 ad
505 2647 536 2689 se
558 2627 634 2707 regis
656 2646 759 2689 eornm
781 2625 919 2688 Maelonis
934 2626 1082 2706 Angustus
1104 2627 1236 2707 appellat,
1259 2646 1323 2689 eam
1346 2626 1383 2689 ab
1404 2627 1549 2689 deditione
1571 2647 1596 2688 a.
1614 2627 1675 2688 746

327 2751 387 2793 666
410 2751 474 2794 6666
495 2730 649 2792 diversam.

427 2834 579 2896 Postremo
601 2833 665 2895 loco
687 2851 773 2913 quem
790 2832 917 2899 'intrusit
931 2832 1070 2912 Bergkius
1086 2833 1297 2895 Maroboduum
1320 2833 1429 2896 abusus
1444 2833 1507 2896 loco
1524 2833 1676 2895 Strabonis

329 2941 357 3012 7,
376 2940 403 3011 1,
420 2937 438 2999 3
453 2958 481 3018 p.
498 2937 574 3012 290,
602 2955 670 2999 eum
699 2936 755 2998 iam
779 2935 897 3016 expellit
917 2935 1003 2998 lectio
1026 2937 1154 3017 expleta3
1177 2937 1278 2998 eadem
1300 2947 1398 2999 autem
1422 2937 1595 3000 monstravit
1616 2957 1676 2999 non

329 3043 365 3104 de
387 3042 522 3122 pluribus
545 3041 726 3102 diversorum
750 3040 925 3120 populorum
948 3040 1065 3120 regibus
1088 3040 1135 3102 bic
1158 3040 1343 3120 cogitandum
1366 3059 1440 3116 esse,
1464 3050 1497 3102 ut
1518 3040 1675 3120 cogitaram

328 3165 396 3225 ego,
427 3145 476 3206 sed
500 3162 593 3205 unum
616 3142 743 3223 intellegi
765 3161 862 3222 regem
885 3143 1139 3205 Marcomanorum
1163 3143 1338 3205 Sueborum.
1384 3143 1547 3206 Sueborum
1572 3152 1674 3205 notum

327 3258 373 3311 est
394 3267 454 3309 non
477 3267 564 3309 unam
588 3255 703 3327 gentem
727 3247 825 3319 luisse,
848 3247 899 3308 sed
920 3247 1045 3328 propriis
1060 3246 1227 3309 6611661666
1243 3247 1471 3328 nominibusque
1485 3267 1535 3309 eos
1551 3247 1676 3309 discerni

328 3351 428 3430 (rerba
450 3361 520 3412 sunt
541 3350 633 3412 Taciti
655 3351 752 3412 Germ.
768 3348 831 3430 38),
854 3350 983 3429 itemque
1005 3350 1207 3412 Marcomanos
1233 3351 1324 3412 luisse
1353 3370 1388 3411 ex
1418 3349 1523 3413 Suebis
1546 3349 1676 3424 (Tacitus

328 3474 395 3516 ann.
421 3456 455 3527 1,
477 3455 525 3514 44.
557 3453 585 3527 2,
602 3453 642 3516 62
664 3453 723 3529 al).
766 3452 862 3515 Nihilo
892 3453 990 3514 minus
1012 3454 1119 3514 mirum
1143 3462 1189 3515 est
1210 3454 1266 3514 boa
1287 3453 1461 3515 vocabulum
1483 3451 1570 3524 adici,
1600 3461 1676 3513 tam-

327 3577 415 3638 quam
449 3558 477 3618 in
511 3557 618 3638 populo
651 3557 805 3618 notissimo
839 3557 1080 3618 determinatione
1112 3557 1207 3638 aliqua
1236 3577 1310 3637 opus
1338 3565 1416 3618 esset
1444 3556 1488 3617 vel
1514 3555 1552 3617 ab
1579 3573 1677 3618 errore

327 3662 498 3725 carendum.
554 3661 609 3722 Sed
640 3661 688 3722 ubi
719 3659 822 3722 scribis
850 3659 1014 3741 Sardisque,
1048 3661 1112 3722 ride
1139 3680 1176 3722 ne
1204 3661 1235 3722 in
1268 3659 1453 3722 difficultates
1479 3659 1590 3721 incidas
1617 3677 1677 3720 non

329 3767 423 3827 solum
448 3743 607 3844 gravioris,
631 3764 681 3826 sed
704 3765 788 3844 plane
811 3763 1031 3844 insuperabiles.
1068 3763 1110 3825 Ad
1133 3762 1209 3844 regis
1231 3782 1340 3825 nomen
1363 3762 1440 3844 quod
1463 3763 1576 3836 attinet,
1599 3761 1677 3842 quod

327 3877 442 3931 constet
467 3867 571 3930 litteris
593 3867 704 3929 Latinis
727 3885 752 3928 c.
768 3884 831 3938 vur,
860 3866 976 3928 Graecis
998 3885 1023 3928 6.
1040 3885 1082 3938 ur,
1111 3866 1193 3928 liniat
1219 3867 1249 3928 in
1276 3886 1341 3941 rus,
1370 3866 1604 3929 Muellcnboffius
1625 3867 1678 3928 ad-

328 3971 444 4033 monuit
481 3970 537 4036 1661
570 3969 662 4033 Taciti
695 3969 793 4032 Germ.
824 3967 881 4030 42:
924 3969 1115 4032 Marcomanis
1149 3970 1311 4051 Quadisque
1347 3989 1435 4051 usque
1472 3969 1511 4032 ad
1550 3978 1678 4032 nosram

328 4079 492 4138 memoriam
513 4091 592 4154 reqes
613 4085 780 4136 moruerunt
802 4092 839 4136 ea
858 4083 938 4152 qente
960 4077 1095 4153 ipsoram,
1118 4075 1211 4137 nobile
1234 4073 1403 4136 Marobodui
1421 4084 1448 4135 et
1471 4074 1562 4136 Tudri
1578 4093 1675 4154 penus.
1787 4109 1788 4120 ο

329 4179 385 4240 Sed
412 4177 565 4240 admonuit
590 4176 661 4239 item
689 4176 820 4239 Tudrum
850 4178 929 4238 buno
957 4177 1091 4250 Quadam
1122 4176 1212 4239 luisse
1238 4196 1334 4258 neque
1362 4178 1438 4258 apud
1466 4187 1597 4240 vetustos
1623 4196 1677 4238 au-

328 4290 423 4343 ctores
444 4280 643 4342 Marcomanos
661 4280 836 4360 Quadosque
858 4281 1007 4343 conlundi.
1043 4281 1103 4343 Nec
1125 4299 1266 4344 numerus
1288 4280 1450 4343 litterarum
1475 4281 1500 4343 is
1522 4290 1568 4344 est
1588 4299 1675 4362 quern

327 4384 400 4464 lapis
423 4383 554 4465 requirit

429 4560 451 4622 ¹)
467 4558 563 4610 Nomen
586 4559 753 4626 perscriptum
778 4558 868 4608 nummi
891 4575 940 4608 666
959 4559 1136 4625 suppeditsatq
1155 4569 1387 4623 damnumst,
1406 4559 1470 4623 qnod
1488 4559 1514 4608 16
1533 4557 1677 4623 quibusdan

330 4641 475 4704 invenitur,
497 4641 528 4690 ed
553 4643 702 4692 vocabulum
721 4642 871 4708 explendum
890 4643 934 4692 vix
950 4651 1021 4693 recte
1038 4641 1185 4702 adhibetur,
1208 4655 1263 4690 anm
1281 4640 1361 4703 magis
1379 4640 1416 4690 sit
1433 4637 1478 4690 Tin
1549 4639 1675 4690 Coum...

329 4727 375 4777 lilii
399 4727 522 4778 vocabulo
548 4729 655 4793 omisso,
679 4737 705 4780 ct
723 4730 821 4780 ineerta
842 4729 972 4779 adurodum
991 4729 1137 4779 coniectura
1157 4726 1677 4788 111666166ιά66616666566166116111

329 4828 452 4864 66666616
471 4813 620 4880 inscriptum
633 4851 639 4865 .
652 4852 659 4866 .
674 4851 681 4865 .
695 4851 700 4866 .
714 4817 816 4880 marios,
834 4829 921 4866 namen
941 4830 973 4866 ox
991 4823 1096 4882 utraque
1115 4813 1226 4864 lectione
1244 4810 1357 4864 alliciens
1378 4809 1557 4864 Tincommius.
