<?xml version="1.0" encoding="UTF-8"?>
<!DOCTYPE html PUBLIC "-//W3C//DTD XHTML 1.0 Transitional//EN"
    "http://www.w3.org/TR/xhtml1/DTD/xhtml1-transitional.dtd">
<html xmlns="http://www.w3.org/1999/xhtml" xml:lang="en" lang="en">
 <head>
  <title>
</title>
<meta http-equiv="Content-Type" content="text/html;charset=utf-8" />
  <meta name='ocr-system' content='tesseract 3.04.00' />
  <meta name='ocr-capabilities' content='ocr_page ocr_carea ocr_par ocr_line ocrx_word'/>
</head>
<body>
  <div class='ocr_page' id='page_1' title='image "./resgestaediviau00augugoog_0031.png"; bbox 0 0 3696 5430; ppageno 0'>
   <div class='ocr_carea' id='block_1_1' title="bbox 337 395 430 452">
    <p class='ocr_par' dir='ltr' id='par_1_1' title="bbox 337 395 430 452">
     <span class='ocr_line' id='line_1_1' title="bbox 337 395 430 452; baseline 0.032 -3"><span class='ocrx_word' id='word_1_1' title='bbox 337 395 430 452; x_wconf 84' lang='lat' dir='ltr'><strong>XXVI</strong></span> 
     </span>
    </p>
   </div>
   <div class='ocr_carea' id='block_1_2' title="bbox 337 575 1688 662">
    <p class='ocr_par' dir='ltr' id='par_1_2' title="bbox 337 575 1688 662">
     <span class='ocr_line' id='line_1_2' title="bbox 337 575 1688 662; baseline 0.002 -25"><span class='ocrx_word' id='word_1_2' title='bbox 337 596 365 638; x_wconf 80' lang='lat' dir='ltr'><strong>se</strong></span> <span class='ocrx_word' id='word_1_3' title='bbox 386 578 434 656; x_wconf 81' lang='lat' dir='ltr'><strong>sut</strong></span> <span class='ocrx_word' id='word_1_4' title='bbox 455 577 608 640; x_wconf 72' lang='lat' dir='ltr'><strong>determine</strong></span> <span class='ocrx_word' id='word_1_5' title='bbox 628 581 647 640; x_wconf 91' lang='lat' dir='ltr'><strong>d</strong></span> <span class='ocrx_word' id='word_1_6' title='bbox 667 597 712 640; x_wconf 86' lang='lat' dir='ltr'><strong>me</strong></span> <span class='ocrx_word' id='word_1_7' title='bbox 735 577 835 640; x_wconf 80' lang='lat' dir='ltr'><strong>loisoer</strong></span> <span class='ocrx_word' id='word_1_8' title='bbox 853 577 980 659; x_wconf 84' lang='lat' dir='ltr'><strong>prendre</strong></span> <span class='ocrx_word' id='word_1_9' title='bbox 1002 577 1194 662; x_wconf 70' lang='lat' dir='ltr'><strong>tinacripte&#39;ou,</strong></span> <span class='ocrx_word' id='word_1_10' title='bbox 1217 575 1238 638; x_wconf 88' lang='lat' dir='ltr'><strong>il</strong></span> <span class='ocrx_word' id='word_1_11' title='bbox 1261 577 1413 658; x_wconf 79' lang='lat' dir='ltr'><strong>m&#39;eseipno</strong></span> <span class='ocrx_word' id='word_1_12' title='bbox 1435 577 1475 640; x_wconf 86' lang='lat' dir='ltr'><strong>les</strong></span> <span class='ocrx_word' id='word_1_13' title='bbox 1496 579 1597 641; x_wconf 84' lang='lat' dir='ltr'><strong>beures</strong></span> <span class='ocrx_word' id='word_1_14' title='bbox 1619 580 1688 662; x_wconf 86' lang='lat' dir='ltr'><strong>qu&#39;il</strong></span> 
     </span>
    </p>
   </div>
   <div class='ocr_carea' id='block_1_3' title="bbox 337 680 1689 1383">
    <p class='ocr_par' dir='ltr' id='par_1_3' title="bbox 337 680 1689 1383">
     <span class='ocr_line' id='line_1_3' title="bbox 339 680 1687 763; baseline 0.003 -22"><span class='ocrx_word' id='word_1_15' title='bbox 339 691 402 742; x_wconf 84' lang='lat' dir='ltr'><strong>erut</strong></span> <span class='ocrx_word' id='word_1_16' title='bbox 423 681 463 741; x_wconf 86' lang='lat' dir='ltr'><strong>les</strong></span> <span class='ocrx_word' id='word_1_17' title='bbox 480 680 548 760; x_wconf 81' lang='lat' dir='ltr'><strong>plus</strong></span> <span class='ocrx_word' id='word_1_18' title='bbox 567 699 686 762; x_wconf 83' lang='lat' dir='ltr'><strong>proprea</strong></span> <span class='ocrx_word' id='word_1_19' title='bbox 704 699 780 763; x_wconf 89' lang='lat' dir='ltr'><strong>pour</strong></span> <span class='ocrx_word' id='word_1_20' title='bbox 801 683 831 743; x_wconf 89' lang='lat' dir='ltr'><strong>lo</strong></span> <span class='ocrx_word' id='word_1_21' title='bbox 852 685 945 762; x_wconf 83' lang='lat' dir='ltr'><strong>copier</strong></span> <span class='ocrx_word' id='word_1_22' title='bbox 959 699 1026 742; x_wconf 84' lang='lat' dir='ltr'><strong>aens</strong></span> <span class='ocrx_word' id='word_1_23' title='bbox 1046 681 1104 741; x_wconf 83' lang='lat' dir='ltr'><strong>c‘trc</strong></span> <span class='ocrx_word' id='word_1_24' title='bbox 1126 699 1179 742; x_wconf 88' lang='lat' dir='ltr'><strong>ou:</strong></span> <span class='ocrx_word' id='word_1_25' title='bbox 1200 698 1273 742; x_wconf 82' lang='lat' dir='ltr'><strong>nous</strong></span> <span class='ocrx_word' id='word_1_26' title='bbox 1295 681 1437 743; x_wconf 75' lang='lat' dir='ltr'><strong>mesum</strong></span> <span class='ocrx_word' id='word_1_27' title='bbox 1458 682 1530 743; x_wconf 82' lang='lat' dir='ltr'><strong>douc</strong></span> <span class='ocrx_word' id='word_1_28' title='bbox 1545 683 1584 745; x_wconf 81' lang='lat' dir='ltr'><strong>lca</strong></span> <span class='ocrx_word' id='word_1_29' title='bbox 1597 687 1687 745; x_wconf 84' lang='lat' dir='ltr'><strong>iater-</strong></span> 
     </span>
     <span class='ocr_line' id='line_1_4' title="bbox 338 783 1688 868; baseline 0.003 -23"><span class='ocrx_word' id='word_1_30' title='bbox 338 783 426 845; x_wconf 83' lang='lat' dir='ltr'><strong>oelles</strong></span> <span class='ocrx_word' id='word_1_31' title='bbox 455 803 507 866; x_wconf 85' lang='lat' dir='ltr'><strong>que</strong></span> <span class='ocrx_word' id='word_1_32' title='bbox 535 785 575 846; x_wconf 86' lang='lat' dir='ltr'><strong>lea</strong></span> <span class='ocrx_word' id='word_1_33' title='bbox 604 785 691 848; x_wconf 78' lang='lat' dir='ltr'><strong>lurco</strong></span> <span class='ocrx_word' id='word_1_34' title='bbox 716 805 752 848; x_wconf 89' lang='lat' dir='ltr'><strong>ue</strong></span> <span class='ocrx_word' id='word_1_35' title='bbox 781 791 913 848; x_wconf 80' lang='lat' dir='ltr'><strong>cicumeat</strong></span> <span class='ocrx_word' id='word_1_36' title='bbox 939 787 1019 865; x_wconf 84' lang='lat' dir='ltr'><strong>point</strong></span> <span class='ocrx_word' id='word_1_37' title='bbox 1041 784 1059 844; x_wconf 89' lang='lat' dir='ltr'><strong>d</strong></span> <span class='ocrx_word' id='word_1_38' title='bbox 1081 783 1112 844; x_wconf 87' lang='lat' dir='ltr'><strong>la</strong></span> <span class='ocrx_word' id='word_1_39' title='bbox 1129 783 1241 863; x_wconf 79' lang='lat' dir='ltr'><strong>priire;</strong></span> <span class='ocrx_word' id='word_1_40' title='bbox 1270 794 1429 846; x_wconf 84' lang='lat' dir='ltr'><strong>outremcut</strong></span> <span class='ocrx_word' id='word_1_41' title='bbox 1447 784 1478 863; x_wconf 87' lang='lat' dir='ltr'><strong>je</strong></span> <span class='ocrx_word' id='word_1_42' title='bbox 1499 785 1629 848; x_wconf 69' lang='lat' dir='ltr'><strong>u&#39;ourorb</strong></span> <span class='ocrx_word' id='word_1_43' title='bbox 1646 807 1688 868; x_wconf 83' lang='lat' dir='ltr'><strong>pu</strong></span> 
     </span>
     <span class='ocr_line' id='line_1_5' title="bbox 338 886 1689 960; baseline 0.003 -12"><span class='ocrx_word' id='word_1_44' title='bbox 338 906 373 948; x_wconf 85' lang='lat' dir='ltr'><strong>ere</strong></span> <span class='ocrx_word' id='word_1_45' title='bbox 399 891 482 950; x_wconf 82' lang='lat' dir='ltr'><strong>venir</strong></span> <span class='ocrx_word' id='word_1_46' title='bbox 503 889 522 950; x_wconf 88' lang='lat' dir='ltr'><strong>d</strong></span> <span class='ocrx_word' id='word_1_47' title='bbox 543 907 609 951; x_wconf 83' lang='lat' dir='ltr'><strong>mon</strong></span> <span class='ocrx_word' id='word_1_48' title='bbox 631 890 766 960; x_wconf 78' lang='lat' dir='ltr'><strong>honneur,</strong></span> <span class='ocrx_word' id='word_1_49' title='bbox 796 899 822 952; x_wconf 89' lang='lat' dir='ltr'><strong>et</strong></span> <span class='ocrx_word' id='word_1_50' title='bbox 844 898 919 951; x_wconf 85' lang='lat' dir='ltr'><strong>toute</strong></span> <span class='ocrx_word' id='word_1_51' title='bbox 940 907 991 950; x_wconf 85' lang='lat' dir='ltr'><strong>sore</strong></span> <span class='ocrx_word' id='word_1_52' title='bbox 1013 887 1135 949; x_wconf 82' lang='lat' dir='ltr'><strong>autoriti</strong></span> <span class='ocrx_word' id='word_1_53' title='bbox 1156 886 1283 951; x_wconf 83' lang='lat' dir='ltr'><strong>re’uuroit</strong></span> <span class='ocrx_word' id='word_1_54' title='bbox 1306 888 1339 949; x_wconf 89' lang='lat' dir='ltr'><strong>de</strong></span> <span class='ocrx_word' id='word_1_55' title='bbox 1361 891 1425 950; x_wconf 78' lang='lat' dir='ltr'><strong>rica</strong></span> <span class='ocrx_word' id='word_1_56' title='bbox 1446 892 1522 950; x_wconf 70' lang='lat' dir='ltr'><strong>aaut·</strong></span> <span class='ocrx_word' id='word_1_57' title='bbox 1541 901 1636 952; x_wconf 79' lang='lat' dir='ltr'><strong>tantm</strong></span> <span class='ocrx_word' id='word_1_58' title='bbox 1659 890 1689 952; x_wconf 87' lang='lat' dir='ltr'><strong>lc</strong></span> 
     </span>
     <span class='ocr_line' id='line_1_6' title="bbox 339 989 1689 1073; baseline 0.004 -22"><span class='ocrx_word' id='word_1_59' title='bbox 339 991 467 1052; x_wconf 80' lang='lat' dir='ltr'><strong>conualle.</strong></span> <span class='ocrx_word' id='word_1_60' title='bbox 512 991 547 1054; x_wconf 83' lang='lat' dir='ltr'><strong>Je</strong></span> <span class='ocrx_word' id='word_1_61' title='bbox 577 997 750 1070; x_wconf 69' lang='lat' dir='ltr'><strong>commoueat</strong></span> <span class='ocrx_word' id='word_1_62' title='bbox 774 993 937 1072; x_wconf 85' lang='lat' dir='ltr'><strong>dpreudre</strong></span> <span class='ocrx_word' id='word_1_63' title='bbox 960 1001 1027 1052; x_wconf 90' lang='lat' dir='ltr'><strong>cette</strong></span> <span class='ocrx_word' id='word_1_64' title='bbox 1050 989 1120 1052; x_wconf 88' lang='lat' dir='ltr'><strong>belle</strong></span> <span class='ocrx_word' id='word_1_65' title='bbox 1141 994 1306 1070; x_wconf 72' lang='lat' dir='ltr'><strong>inscription</strong></span> <span class='ocrx_word' id='word_1_66' title='bbox 1329 989 1354 1052; x_wconf 89' lang='lat' dir='ltr'><strong>lc</strong></span> <span class='ocrx_word' id='word_1_67' title='bbox 1370 996 1497 1071; x_wconf 69' lang='lat' dir='ltr'><strong>membr</strong></span> <span class='ocrx_word' id='word_1_68' title='bbox 1517 992 1689 1073; x_wconf 83' lang='lat' dir='ltr'><strong>Septembre,</strong></span> 
     </span>
     <span class='ocr_line' id='line_1_7' title="bbox 339 1092 1689 1177; baseline 0.003 -23"><span class='ocrx_word' id='word_1_69' title='bbox 339 1104 365 1155; x_wconf 90' lang='lat' dir='ltr'><strong>et</strong></span> <span class='ocrx_word' id='word_1_70' title='bbox 388 1094 421 1172; x_wconf 87' lang='lat' dir='ltr'><strong>je</strong></span> <span class='ocrx_word' id='word_1_71' title='bbox 447 1094 527 1156; x_wconf 85' lang='lat' dir='ltr'><strong>u’eua</strong></span> <span class='ocrx_word' id='word_1_72' title='bbox 553 1095 639 1175; x_wconf 80' lang='lat' dir='ltr'><strong>quire</strong></span> <span class='ocrx_word' id='word_1_73' title='bbox 661 1095 774 1158; x_wconf 87' lang='lat' dir='ltr'><strong>d&#39;outre</strong></span> <span class='ocrx_word' id='word_1_74' title='bbox 795 1099 957 1177; x_wconf 81' lang='lat' dir='ltr'><strong>occupatiore</strong></span> <span class='ocrx_word' id='word_1_75' title='bbox 975 1092 1094 1175; x_wconf 84' lang='lat' dir='ltr'><strong>jusqu’d</strong></span> <span class='ocrx_word' id='word_1_76' title='bbox 1116 1113 1144 1156; x_wconf 88' lang='lat' dir='ltr'><strong>ce</strong></span> <span class='ocrx_word' id='word_1_77' title='bbox 1166 1112 1218 1175; x_wconf 89' lang='lat' dir='ltr'><strong>que</strong></span> <span class='ocrx_word' id='word_1_78' title='bbox 1235 1094 1268 1172; x_wconf 88' lang='lat' dir='ltr'><strong>je</strong></span> <span class='ocrx_word' id='word_1_79' title='bbox 1291 1093 1388 1156; x_wconf 80' lang='lat' dir='ltr'><strong>leucoe</strong></span> <span class='ocrx_word' id='word_1_80' title='bbox 1408 1097 1484 1176; x_wconf 75' lang='lat' dir='ltr'><strong>fiale.</strong></span> <span class='ocrx_word' id='word_1_81' title='bbox 1528 1095 1600 1158; x_wconf 82' lang='lat' dir='ltr'>Post</span> <span class='ocrx_word' id='word_1_82' title='bbox 1620 1097 1689 1158; x_wconf 91' lang='lat' dir='ltr'><strong>alia:</strong></span> 
     </span>
     <span class='ocr_line' id='line_1_8' title="bbox 337 1196 1689 1278; baseline 0.004 -19"><span class='ocrx_word' id='word_1_83' title='bbox 337 1196 374 1259; x_wconf 78' lang='lat' dir='ltr'><strong>ie</strong></span> <span class='ocrx_word' id='word_1_84' title='bbox 397 1196 447 1258; x_wconf 82' lang='lat'><strong>21.</strong></span> <span class='ocrx_word' id='word_1_85' title='bbox 467 1196 613 1276; x_wconf 80' lang='lat' dir='ltr'><strong>j&#39;oelteooi</strong></span> <span class='ocrx_word' id='word_1_86' title='bbox 637 1199 670 1260; x_wconf 90' lang='lat' dir='ltr'><strong>dc</strong></span> <span class='ocrx_word' id='word_1_87' title='bbox 693 1203 787 1278; x_wconf 82' lang='lat' dir='ltr'><strong>capior</strong></span> <span class='ocrx_word' id='word_1_88' title='bbox 808 1197 993 1278; x_wconf 78' lang='lat' dir='ltr'><strong>l&#39;mocrrption</strong></span> <span class='ocrx_word' id='word_1_89' title='bbox 1014 1196 1121 1259; x_wconf 81' lang='lat' dir='ltr'><strong>Latine.</strong></span> <span class='ocrx_word' id='word_1_90' title='bbox 1166 1197 1212 1258; x_wconf 81' lang='lat' dir='ltr'><strong>On</strong></span> <span class='ocrx_word' id='word_1_91' title='bbox 1232 1207 1298 1276; x_wconf 86' lang='lat' dir='ltr'><strong>peut</strong></span> <span class='ocrx_word' id='word_1_92' title='bbox 1320 1199 1389 1269; x_wconf 72' lang='lat' dir='ltr'><strong>dire</strong></span> <span class='ocrx_word' id='word_1_93' title='bbox 1412 1217 1479 1262; x_wconf 82' lang='lat' dir='ltr'><strong>sous</strong></span> <span class='ocrx_word' id='word_1_94' title='bbox 1500 1201 1634 1263; x_wconf 74' lang='lat' dir='ltr'><strong>crorbdrc</strong></span> <span class='ocrx_word' id='word_1_95' title='bbox 1655 1201 1689 1264; x_wconf 88' lang='lat' dir='ltr'><strong>de</strong></span> 
     </span>
     <span class='ocr_line' id='line_1_9' title="bbox 337 1298 1688 1383; baseline 0.002 -21"><span class='ocrx_word' id='word_1_96' title='bbox 337 1321 366 1362; x_wconf 81' lang='lat' dir='ltr'><strong>ac</strong></span> <span class='ocrx_word' id='word_1_97' title='bbox 396 1312 536 1380; x_wconf 77' lang='lat' dir='ltr'><strong><em>tromper,</em></strong></span> <span class='ocrx_word' id='word_1_98' title='bbox 564 1300 662 1382; x_wconf 84' lang='lat' dir='ltr'><strong>qu’elle</strong></span> <span class='ocrx_word' id='word_1_99' title='bbox 690 1313 730 1364; x_wconf 87' lang='lat' dir='ltr'><strong>est</strong></span> <span class='ocrx_word' id='word_1_100' title='bbox 759 1303 918 1383; x_wconf 78' lang='lat' dir='ltr'><strong>iafinimeut</strong></span> <span class='ocrx_word' id='word_1_101' title='bbox 941 1301 1009 1381; x_wconf 75' lang='lat' dir='ltr'><strong>pluo</strong></span> <span class='ocrx_word' id='word_1_102' title='bbox 1030 1310 1127 1362; x_wconf 75' lang='lat' dir='ltr'><strong>conoe</strong></span> <span class='ocrx_word' id='word_1_103' title='bbox 1158 1298 1242 1380; x_wconf 84' lang='lat' dir='ltr'><strong>qu&#39;ou</strong></span> <span class='ocrx_word' id='word_1_104' title='bbox 1262 1320 1298 1362; x_wconf 87' lang='lat' dir='ltr'><strong>ue</strong></span> <span class='ocrx_word' id='word_1_105' title='bbox 1321 1300 1359 1362; x_wconf 89' lang='lat' dir='ltr'><strong>l&#39;c</strong></span> <span class='ocrx_word' id='word_1_106' title='bbox 1378 1321 1431 1381; x_wconf 79' lang='lat' dir='ltr'><strong>poa</strong></span> <span class='ocrx_word' id='word_1_107' title='bbox 1452 1321 1550 1365; x_wconf 81' lang='lat' dir='ltr'><strong>encore</strong></span> <span class='ocrx_word' id='word_1_108' title='bbox 1572 1303 1688 1366; x_wconf 75' lang='lat' dir='ltr'><strong>dumio.</strong></span> 
     </span>
    </p>
   </div>
   <div class='ocr_carea' id='block_1_4' title="bbox 220 1403 1689 1486">
    <p class='ocr_par' dir='ltr' id='par_1_4' title="bbox 220 1403 1689 1486">
     <span class='ocr_line' id='line_1_10' title="bbox 220 1403 1689 1486; baseline 0.003 -21"><span class='ocrx_word' id='word_1_109' title='bbox 220 1435 225 1450; x_wconf 87' lang='lat'><strong>·</strong></span> <span class='ocrx_word' id='word_1_110' title='bbox 341 1404 421 1466; x_wconf 73' lang='lat' dir='ltr'><strong>cmc</strong></span> <span class='ocrx_word' id='word_1_111' title='bbox 446 1409 497 1486; x_wconf 83' lang='lat' dir='ltr'><strong>qui</strong></span> <span class='ocrx_word' id='word_1_112' title='bbox 521 1423 549 1466; x_wconf 86' lang='lat' dir='ltr'><strong>se</strong></span> <span class='ocrx_word' id='word_1_113' title='bbox 578 1405 736 1466; x_wconf 79' lang='lat' dir='ltr'><strong>docueruut</strong></span> <span class='ocrx_word' id='word_1_114' title='bbox 763 1406 793 1466; x_wconf 88' lang='lat' dir='ltr'><strong>lo</strong></span> <span class='ocrx_word' id='word_1_115' title='bbox 820 1410 902 1484; x_wconf 80' lang='lat' dir='ltr'><strong>peine</strong></span> <span class='ocrx_word' id='word_1_116' title='bbox 932 1406 964 1466; x_wconf 89' lang='lat' dir='ltr'><strong>de</strong></span> <span class='ocrx_word' id='word_1_117' title='bbox 994 1404 1024 1466; x_wconf 86' lang='lat' dir='ltr'><strong>lo</strong></span> <span class='ocrx_word' id='word_1_118' title='bbox 1045 1404 1177 1483; x_wconf 77' lang='lat' dir='ltr'><strong>consirer</strong></span> <span class='ocrx_word' id='word_1_119' title='bbox 1199 1423 1265 1466; x_wconf 85' lang='lat' dir='ltr'><strong>uoce</strong></span> <span class='ocrx_word' id='word_1_120' title='bbox 1288 1403 1327 1465; x_wconf 84' lang='lat' dir='ltr'><strong>lca</strong></span> <span class='ocrx_word' id='word_1_121' title='bbox 1348 1407 1513 1485; x_wconf 74' lang='lat' dir='ltr'><strong>imprimite,</strong></span> <span class='ocrx_word' id='word_1_122' title='bbox 1537 1425 1572 1468; x_wconf 84' lang='lat' dir='ltr'><strong>ert</strong></span> <span class='ocrx_word' id='word_1_123' title='bbox 1593 1419 1689 1470; x_wconf 79' lang='lat' dir='ltr'><strong>aerem</strong></span> 
     </span>
    </p>
   </div>
   <div class='ocr_carea' id='block_1_5' title="bbox 339 1506 1776 3642">
    <p class='ocr_par' dir='ltr' id='par_1_5' title="bbox 339 1506 1776 3330">
     <span class='ocr_line' id='line_1_11' title="bbox 339 1506 1690 1588; baseline 0.004 -20"><span class='ocrx_word' id='word_1_124' title='bbox 339 1511 474 1571; x_wconf 69' lang='lat' dir='ltr'><strong>ouem-tdt</strong></span> <span class='ocrx_word' id='word_1_125' title='bbox 500 1513 680 1570; x_wconf 83' lang='lat' dir='ltr'><strong>convolutus.</strong></span> <span class='ocrx_word' id='word_1_126' title='bbox 724 1508 820 1588; x_wconf 90' lang='lat' dir='ltr'><strong>lpsam</strong></span> <span class='ocrx_word' id='word_1_127' title='bbox 848 1507 1069 1587; x_wconf 80' lang='lat' dir='ltr'><strong>inscriptionem</strong></span> <span class='ocrx_word' id='word_1_128' title='bbox 1097 1506 1187 1568; x_wconf 83' lang='lat' dir='ltr'><strong>edidit</strong></span> <span class='ocrx_word' id='word_1_129' title='bbox 1213 1506 1242 1567; x_wconf 94' lang='lat' dir='ltr'><strong>in</strong></span> <span class='ocrx_word' id='word_1_130' title='bbox 1271 1506 1386 1568; x_wconf 88' lang='lat' dir='ltr'><strong>itineris</strong></span> <span class='ocrx_word' id='word_1_131' title='bbox 1414 1508 1477 1570; x_wconf 87' lang='lat' dir='ltr'><strong>eius</strong></span> <span class='ocrx_word' id='word_1_132' title='bbox 1505 1511 1690 1573; x_wconf 82' lang='lat' dir='ltr'><strong>enarratione</strong></span> 
     </span>
     <span class='ocr_line' id='line_1_12' title="bbox 339 1610 1692 1692; baseline 0.003 -20"><span class='ocrx_word' id='word_1_133' title='bbox 339 1615 458 1692; x_wconf 71' lang='lat' dir='ltr'><strong>(voyage</strong></span> <span class='ocrx_word' id='word_1_134' title='bbox 487 1611 526 1672; x_wconf 88' lang='lat' dir='ltr'><strong>du</strong></span> <span class='ocrx_word' id='word_1_135' title='bbox 547 1611 633 1673; x_wconf 83' lang='lat' dir='ltr'><strong>Sr‘eur</strong></span> <span class='ocrx_word' id='word_1_136' title='bbox 655 1611 842 1673; x_wconf 81' lang='lat' dir='ltr'><strong>Pauliacos</strong></span> <span class='ocrx_word' id='word_1_137' title='bbox 871 1612 927 1692; x_wconf 71' lang='lat' dir='ltr'><strong>(cit</strong></span> <span class='ocrx_word' id='word_1_138' title='bbox 947 1611 1019 1672; x_wconf 82' lang='lat' dir='ltr'><strong>dous</strong></span> <span class='ocrx_word' id='word_1_139' title='bbox 1041 1611 1069 1674; x_wconf 86' lang='lat' dir='ltr'><strong>lo</strong></span> <span class='ocrx_word' id='word_1_140' title='bbox 1094 1610 1187 1682; x_wconf 82' lang='lat' dir='ltr'><strong>lire&#39;ce,</strong></span> <span class='ocrx_word' id='word_1_141' title='bbox 1211 1611 1292 1671; x_wconf 79' lang='lat' dir='ltr'><strong>t&#39;tstc</strong></span> <span class='ocrx_word' id='word_1_142' title='bbox 1313 1615 1451 1684; x_wconf 74' lang='lat' dir='ltr'><strong>mirerere,</strong></span> <span class='ocrx_word' id='word_1_143' title='bbox 1474 1613 1504 1675; x_wconf 88' lang='lat' dir='ltr'><strong>lo</strong></span> <span class='ocrx_word' id='word_1_144' title='bbox 1525 1611 1692 1677; x_wconf 82' lang='lat' dir='ltr'><strong>Moce&#39;douic</strong></span> 
     </span>
     <span class='ocr_line' id='line_1_13' title="bbox 340 1713 1776 1797; baseline 0.003 -23"><span class='ocrx_word' id='word_1_145' title='bbox 340 1725 365 1776; x_wconf 88' lang='lat' dir='ltr'><strong>et</strong></span> <span class='ocrx_word' id='word_1_146' title='bbox 390 1713 537 1795; x_wconf 72' lang='lat' dir='ltr'><strong>l&#39;Asrique.</strong></span> <span class='ocrx_word' id='word_1_147' title='bbox 583 1714 701 1775; x_wconf 90' lang='lat' dir='ltr'><strong>Parisiis</strong></span> <span class='ocrx_word' id='word_1_148' title='bbox 727 1714 817 1775; x_wconf 85' lang='lat'>1712.</span> <span class='ocrx_word' id='word_1_149' title='bbox 841 1713 884 1793; x_wconf 87' lang='grc'><strong>8.)</strong></span> <span class='ocrx_word' id='word_1_150' title='bbox 906 1713 998 1776; x_wconf 67' lang='lat' dir='ltr'><strong>vall</strong></span> <span class='ocrx_word' id='word_1_151' title='bbox 1026 1715 1055 1775; x_wconf 93' lang='lat' dir='ltr'><strong>in</strong></span> <span class='ocrx_word' id='word_1_152' title='bbox 1084 1713 1180 1775; x_wconf 88' lang='lat' dir='ltr'><strong>tabula</strong></span> <span class='ocrx_word' id='word_1_153' title='bbox 1209 1713 1319 1775; x_wconf 88' lang='lat' dir='ltr'><strong>adiecta</strong></span> <span class='ocrx_word' id='word_1_154' title='bbox 1346 1715 1381 1775; x_wconf 91' lang='lat' dir='ltr'><strong>ad</strong></span> <span class='ocrx_word' id='word_1_155' title='bbox 1404 1733 1432 1795; x_wconf 92' lang='lat' dir='ltr'><strong>p.</strong></span> <span class='ocrx_word' id='word_1_156' title='bbox 1449 1715 1520 1777; x_wconf 83' lang='lat'>393.</span> <span class='ocrx_word' id='word_1_157' title='bbox 1564 1717 1691 1797; x_wconf 85' lang='lat' dir='ltr'><strong>Collegio</strong></span> <span class='ocrx_word' id='word_1_158' title='bbox 1774 1791 1776 1794; x_wconf 17' lang='lat'>¹</span> 
     </span>
     <span class='ocr_line' id='line_1_14' title="bbox 341 1817 1691 1899; baseline 0.003 -20"><span class='ocrx_word' id='word_1_159' title='bbox 341 1818 549 1899; x_wconf 88' lang='lat' dir='ltr'><strong>capucinorum</strong></span> <span class='ocrx_word' id='word_1_160' title='bbox 580 1822 704 1879; x_wconf 77' lang='lat' dir='ltr'><strong>fratrum</strong></span> <span class='ocrx_word' id='word_1_161' title='bbox 732 1818 810 1897; x_wconf 91' lang='lat' dir='ltr'><strong>quod</strong></span> <span class='ocrx_word' id='word_1_162' title='bbox 834 1820 975 1898; x_wconf 78' lang='lat' dir='ltr'><strong>Smyrnae</strong></span> <span class='ocrx_word' id='word_1_163' title='bbox 1004 1826 1050 1878; x_wconf 93' lang='lat' dir='ltr'><strong>est</strong></span> <span class='ocrx_word' id='word_1_164' title='bbox 1078 1826 1140 1879; x_wconf 92' lang='lat' dir='ltr'><strong>tum</strong></span> <span class='ocrx_word' id='word_1_165' title='bbox 1169 1817 1353 1898; x_wconf 88' lang='lat' dir='ltr'><strong>praepositus</strong></span> <span class='ocrx_word' id='word_1_166' title='bbox 1381 1818 1532 1882; x_wconf 84' lang='lat' dir='ltr'><strong>ierotheus</strong></span> <span class='ocrx_word' id='word_1_167' title='bbox 1560 1841 1585 1882; x_wconf 90' lang='lat' dir='ltr'><strong>a.</strong></span> <span class='ocrx_word' id='word_1_168' title='bbox 1608 1821 1691 1884; x_wconf 82' lang='grc'>1706</span> 
     </span>
     <span class='ocr_line' id='line_1_15' title="bbox 340 1921 1691 2005; baseline 0.001 -21"><span class='ocrx_word' id='word_1_169' title='bbox 340 1922 470 1984; x_wconf 88' lang='lat' dir='ltr'><strong>narravit</strong></span> <span class='ocrx_word' id='word_1_170' title='bbox 491 1922 637 1984; x_wconf 87' lang='lat' dir='ltr'><strong>Sberardo</strong></span> <span class='ocrx_word' id='word_1_171' title='bbox 664 1921 754 2000; x_wconf 89' lang='lat' dir='ltr'><strong>(sieut</strong></span> <span class='ocrx_word' id='word_1_172' title='bbox 780 1927 870 1984; x_wconf 84' lang='lat' dir='ltr'><strong>refert</strong></span> <span class='ocrx_word' id='word_1_173' title='bbox 891 1921 1023 1984; x_wconf 84' lang='lat' dir='ltr'><strong>Ghisbull</strong></span> <span class='ocrx_word' id='word_1_174' title='bbox 1045 1931 1104 1982; x_wconf 90' lang='lat' dir='ltr'><strong>ant.</strong></span> <span class='ocrx_word' id='word_1_175' title='bbox 1128 1921 1217 1982; x_wconf 80' lang='lat' dir='ltr'><strong>bsiat.</strong></span> <span class='ocrx_word' id='word_1_176' title='bbox 1240 1940 1268 1999; x_wconf 92' lang='lat' dir='ltr'><strong>p.</strong></span> <span class='ocrx_word' id='word_1_177' title='bbox 1287 1923 1359 1995; x_wconf 81' lang='lat'><strong>171)</strong></span> <span class='ocrx_word' id='word_1_178' title='bbox 1382 1924 1548 2005; x_wconf 88' lang='lat' dir='ltr'><strong>exemplum</strong></span> <span class='ocrx_word' id='word_1_179' title='bbox 1572 1943 1586 1985; x_wconf 88' lang='lat' dir='ltr'><strong>a</strong></span> <span class='ocrx_word' id='word_1_180' title='bbox 1612 1944 1691 1986; x_wconf 89' lang='lat' dir='ltr'><strong>mer-</strong></span> 
     </span>
     <span class='ocr_line' id='line_1_16' title="bbox 340 2025 1690 2110; baseline 0.001 -21"><span class='ocrx_word' id='word_1_181' title='bbox 340 2036 437 2089; x_wconf 88' lang='lat' dir='ltr'><strong>catore</strong></span> <span class='ocrx_word' id='word_1_182' title='bbox 460 2026 541 2088; x_wconf 86' lang='lat' dir='ltr'><strong>Gallo</strong></span> <span class='ocrx_word' id='word_1_183' title='bbox 563 2026 589 2086; x_wconf 89' lang='lat' dir='ltr'><strong>le</strong></span> <span class='ocrx_word' id='word_1_184' title='bbox 611 2025 701 2086; x_wconf 83' lang='lat' dir='ltr'><strong>Ferre</strong></span> <span class='ocrx_word' id='word_1_185' title='bbox 724 2027 852 2107; x_wconf 76' lang='lat' dir='ltr'><strong>Ancyrae</strong></span> <span class='ocrx_word' id='word_1_186' title='bbox 876 2045 927 2107; x_wconf 89' lang='lat' dir='ltr'><strong>per</strong></span> <span class='ocrx_word' id='word_1_187' title='bbox 948 2026 1058 2106; x_wconf 84' lang='lat' dir='ltr'><strong>aliquot</strong></span> <span class='ocrx_word' id='word_1_188' title='bbox 1079 2043 1172 2086; x_wconf 89' lang='lat' dir='ltr'><strong>annos</strong></span> <span class='ocrx_word' id='word_1_189' title='bbox 1195 2035 1375 2088; x_wconf 90' lang='lat' dir='ltr'><strong>commorato</strong></span> <span class='ocrx_word' id='word_1_190' title='bbox 1396 2027 1488 2089; x_wconf 90' lang='lat' dir='ltr'><strong>nitide</strong></span> <span class='ocrx_word' id='word_1_191' title='bbox 1511 2026 1690 2110; x_wconf 90' lang='lat' dir='ltr'><strong>descriptum</strong></span> 
     </span>
     <span class='ocr_line' id='line_1_17' title="bbox 341 2127 1690 2211; baseline 0.001 -19"><span class='ocrx_word' id='word_1_192' title='bbox 341 2131 451 2192; x_wconf 89' lang='lat' dir='ltr'><strong>Lucam</strong></span> <span class='ocrx_word' id='word_1_193' title='bbox 479 2130 517 2191; x_wconf 91' lang='lat' dir='ltr'><strong>ab</strong></span> <span class='ocrx_word' id='word_1_194' title='bbox 548 2130 611 2191; x_wconf 91' lang='lat' dir='ltr'><strong>eius</strong></span> <span class='ocrx_word' id='word_1_195' title='bbox 638 2129 725 2191; x_wconf 88' lang='lat' dir='ltr'><strong>vidua</strong></span> <span class='ocrx_word' id='word_1_196' title='bbox 752 2130 858 2191; x_wconf 83' lang='lat' dir='ltr'><strong>emisse</strong></span> <span class='ocrx_word' id='word_1_197' title='bbox 887 2130 973 2208; x_wconf 88' lang='lat' dir='ltr'><strong>idque</strong></span> <span class='ocrx_word' id='word_1_198' title='bbox 1001 2147 1053 2208; x_wconf 90' lang='lat' dir='ltr'><strong>pro</strong></span> <span class='ocrx_word' id='word_1_199' title='bbox 1080 2147 1135 2190; x_wconf 92' lang='lat' dir='ltr'><strong>suo</strong></span> <span class='ocrx_word' id='word_1_200' title='bbox 1157 2127 1367 2204; x_wconf 80' lang='lat' dir='ltr'><strong>venditavisse3</strong></span> <span class='ocrx_word' id='word_1_201' title='bbox 1395 2142 1574 2211; x_wconf 88' lang='lat' dir='ltr'><strong>quapropter</strong></span> <span class='ocrx_word' id='word_1_202' title='bbox 1595 2132 1690 2194; x_wconf 87' lang='lat' dir='ltr'><strong>Lucae</strong></span> 
     </span>
     <span class='ocr_line' id='line_1_18' title="bbox 340 2231 1688 2315; baseline -0.001 -18"><span class='ocrx_word' id='word_1_203' title='bbox 340 2235 505 2315; x_wconf 90' lang='lat' dir='ltr'><strong>exemplum</strong></span> <span class='ocrx_word' id='word_1_204' title='bbox 533 2253 592 2296; x_wconf 88' lang='lat' dir='ltr'><strong>non</strong></span> <span class='ocrx_word' id='word_1_205' title='bbox 618 2253 685 2295; x_wconf 91' lang='lat' dir='ltr'><strong>raro</strong></span> <span class='ocrx_word' id='word_1_206' title='bbox 713 2234 820 2296; x_wconf 90' lang='lat' dir='ltr'><strong>dicitur</strong></span> <span class='ocrx_word' id='word_1_207' title='bbox 843 2233 1027 2295; x_wconf 83' lang='lat' dir='ltr'><strong>Fabrianum.</strong></span> <span class='ocrx_word' id='word_1_208' title='bbox 1073 2231 1129 2294; x_wconf 89' lang='lat' dir='ltr'><strong>Sed</strong></span> <span class='ocrx_word' id='word_1_209' title='bbox 1152 2232 1286 2311; x_wconf 88' lang='lat' dir='ltr'><strong>equidem</strong></span> <span class='ocrx_word' id='word_1_210' title='bbox 1312 2233 1403 2312; x_wconf 90' lang='lat' dir='ltr'><strong>magis</strong></span> <span class='ocrx_word' id='word_1_211' title='bbox 1425 2234 1512 2296; x_wconf 88' lang='lat' dir='ltr'><strong>fidem</strong></span> <span class='ocrx_word' id='word_1_212' title='bbox 1535 2235 1688 2298; x_wconf 83' lang='lat' dir='ltr'><strong>habuerim</strong></span> 
     </span>
     <span class='ocr_line' id='line_1_19' title="bbox 340 2335 1690 2417; baseline 0.001 -18"><span class='ocrx_word' id='word_1_213' title='bbox 340 2339 452 2412; x_wconf 85' lang='lat' dir='ltr'><strong>Lucae,</strong></span> <span class='ocrx_word' id='word_1_214' title='bbox 485 2356 572 2417; x_wconf 88' lang='lat' dir='ltr'><strong>quem</strong></span> <span class='ocrx_word' id='word_1_215' title='bbox 608 2337 767 2399; x_wconf 75' lang='lat' dir='ltr'><strong>condicum</strong></span> <span class='ocrx_word' id='word_1_216' title='bbox 801 2336 951 2398; x_wconf 90' lang='lat' dir='ltr'><strong>bominem</strong></span> <span class='ocrx_word' id='word_1_217' title='bbox 985 2353 1049 2396; x_wconf 89' lang='lat' dir='ltr'><strong>esse</strong></span> <span class='ocrx_word' id='word_1_218' title='bbox 1083 2335 1211 2416; x_wconf 82' lang='lat' dir='ltr'><strong>repperi,</strong></span> <span class='ocrx_word' id='word_1_219' title='bbox 1246 2354 1334 2416; x_wconf 91' lang='lat' dir='ltr'><strong>quam</strong></span> <span class='ocrx_word' id='word_1_220' title='bbox 1370 2335 1490 2399; x_wconf 87' lang='lat' dir='ltr'><strong>incertis</strong></span> <span class='ocrx_word' id='word_1_221' title='bbox 1518 2337 1690 2400; x_wconf 89' lang='lat' dir='ltr'><strong>rumoribus</strong></span> 
     </span>
     <span class='ocr_line' id='line_1_20' title="bbox 343 2438 1690 2523; baseline 0.001 -20"><span class='ocrx_word' id='word_1_222' title='bbox 343 2441 565 2523; x_wconf 83' lang='lat' dir='ltr'><strong>smyrnensium</strong></span> <span class='ocrx_word' id='word_1_223' title='bbox 602 2441 700 2503; x_wconf 88' lang='lat' dir='ltr'><strong>relatis</strong></span> <span class='ocrx_word' id='word_1_224' title='bbox 729 2460 744 2501; x_wconf 90' lang='lat' dir='ltr'><strong>a</strong></span> <span class='ocrx_word' id='word_1_225' title='bbox 773 2439 933 2502; x_wconf 87' lang='lat' dir='ltr'><strong>Cbishullio</strong></span> <span class='ocrx_word' id='word_1_226' title='bbox 963 2439 1064 2518; x_wconf 92' lang='lat' dir='ltr'><strong>iniquo</strong></span> <span class='ocrx_word' id='word_1_227' title='bbox 1092 2438 1186 2500; x_wconf 81' lang='lat' dir='ltr'><strong>Lucae</strong></span> <span class='ocrx_word' id='word_1_228' title='bbox 1217 2438 1420 2501; x_wconf 85' lang='lat' dir='ltr'><strong>obtrectatore.</strong></span> <span class='ocrx_word' id='word_1_229' title='bbox 1447 2474 1490 2484; x_wconf 86' lang='lat'>—</span> <span class='ocrx_word' id='word_1_230' title='bbox 1517 2440 1690 2523; x_wconf 82' lang='lat' dir='ltr'><strong>Exemplum</strong></span> 
     </span>
     <span class='ocr_line' id='line_1_21' title="bbox 342 2543 1691 2627; baseline 0.002 -22"><span class='ocrx_word' id='word_1_231' title='bbox 342 2544 436 2605; x_wconf 87' lang='lat' dir='ltr'><strong>Lucae</strong></span> <span class='ocrx_word' id='word_1_232' title='bbox 463 2544 542 2606; x_wconf 89' lang='lat' dir='ltr'><strong>inter</strong></span> <span class='ocrx_word' id='word_1_233' title='bbox 567 2543 733 2625; x_wconf 90' lang='lat' dir='ltr'><strong>antiquiora</strong></span> <span class='ocrx_word' id='word_1_234' title='bbox 760 2562 852 2605; x_wconf 90' lang='lat' dir='ltr'><strong>unum</strong></span> <span class='ocrx_word' id='word_1_235' title='bbox 880 2543 998 2624; x_wconf 89' lang='lat' dir='ltr'><strong>plenum</strong></span> <span class='ocrx_word' id='word_1_236' title='bbox 1030 2552 1092 2615; x_wconf 90' lang='lat' dir='ltr'><strong>est,</strong></span> <span class='ocrx_word' id='word_1_237' title='bbox 1123 2561 1190 2604; x_wconf 89' lang='lat' dir='ltr'><strong>cum</strong></span> <span class='ocrx_word' id='word_1_238' title='bbox 1220 2561 1286 2603; x_wconf 86' lang='lat' dir='ltr'><strong>vere</strong></span> <span class='ocrx_word' id='word_1_239' title='bbox 1315 2545 1463 2606; x_wconf 88' lang='lat' dir='ltr'><strong>contineat</strong></span> <span class='ocrx_word' id='word_1_240' title='bbox 1491 2563 1542 2606; x_wconf 86' lang='lat' dir='ltr'><strong>sex</strong></span> <span class='ocrx_word' id='word_1_241' title='bbox 1570 2547 1691 2627; x_wconf 80' lang='lat' dir='ltr'><strong>paginas</strong></span> 
     </span>
     <span class='ocr_line' id='line_1_22' title="bbox 341 2646 1689 2728; baseline 0.002 -20"><span class='ocrx_word' id='word_1_242' title='bbox 341 2647 491 2709; x_wconf 84' lang='lat' dir='ltr'><strong>universas</strong></span> <span class='ocrx_word' id='word_1_243' title='bbox 519 2667 535 2708; x_wconf 93' lang='lat' dir='ltr'><strong>a</strong></span> <span class='ocrx_word' id='word_1_244' title='bbox 563 2647 656 2728; x_wconf 91' lang='lat' dir='ltr'><strong>capite</strong></span> <span class='ocrx_word' id='word_1_245' title='bbox 683 2648 718 2709; x_wconf 90' lang='lat' dir='ltr'><strong>ad</strong></span> <span class='ocrx_word' id='word_1_246' title='bbox 740 2648 847 2709; x_wconf 89' lang='lat' dir='ltr'><strong>calcem</strong></span> <span class='ocrx_word' id='word_1_247' title='bbox 871 2647 1015 2709; x_wconf 86' lang='lat' dir='ltr'><strong>indelessa</strong></span> <span class='ocrx_word' id='word_1_248' title='bbox 1037 2646 1179 2709; x_wconf 88' lang='lat' dir='ltr'><strong>industria</strong></span> <span class='ocrx_word' id='word_1_249' title='bbox 1203 2655 1351 2726; x_wconf 86' lang='lat' dir='ltr'><strong>exceptas,</strong></span> <span class='ocrx_word' id='word_1_250' title='bbox 1380 2655 1410 2708; x_wconf 93' lang='lat' dir='ltr'><strong>et</strong></span> <span class='ocrx_word' id='word_1_251' title='bbox 1432 2647 1564 2710; x_wconf 88' lang='lat' dir='ltr'><strong>omnium</strong></span> <span class='ocrx_word' id='word_1_252' title='bbox 1588 2668 1689 2711; x_wconf 91' lang='lat' dir='ltr'><strong>eorum</strong></span> 
     </span>
     <span class='ocr_line' id='line_1_23' title="bbox 341 2748 1688 2832; baseline 0.001 -20"><span class='ocrx_word' id='word_1_253' title='bbox 341 2752 426 2831; x_wconf 88' lang='lat' dir='ltr'><strong>longe</strong></span> <span class='ocrx_word' id='word_1_254' title='bbox 449 2750 645 2814; x_wconf 87' lang='lat' dir='ltr'><strong>utilissimum.</strong></span> <span class='ocrx_word' id='word_1_255' title='bbox 682 2750 781 2832; x_wconf 86' lang='lat' dir='ltr'><strong>Neque</strong></span> <span class='ocrx_word' id='word_1_256' title='bbox 803 2751 922 2832; x_wconf 85' lang='lat' dir='ltr'><strong>paginas</strong></span> <span class='ocrx_word' id='word_1_257' title='bbox 945 2750 1088 2831; x_wconf 88' lang='lat' dir='ltr'><strong>separavit</strong></span> <span class='ocrx_word' id='word_1_258' title='bbox 1110 2769 1205 2828; x_wconf 89' lang='lat' dir='ltr'><strong>neque</strong></span> <span class='ocrx_word' id='word_1_259' title='bbox 1227 2748 1360 2810; x_wconf 85' lang='lat' dir='ltr'><strong>distinxit</strong></span> <span class='ocrx_word' id='word_1_260' title='bbox 1381 2751 1484 2831; x_wconf 87' lang='lat' dir='ltr'><strong>capita,</strong></span> <span class='ocrx_word' id='word_1_261' title='bbox 1507 2762 1537 2815; x_wconf 92' lang='lat' dir='ltr'><strong>at</strong></span> <span class='ocrx_word' id='word_1_262' title='bbox 1551 2771 1688 2816; x_wconf 88' lang='lat' dir='ltr'><strong>versuum</strong></span> 
     </span>
     <span class='ocr_line' id='line_1_24' title="bbox 341 2851 1691 2937; baseline 0.001 -20"><span class='ocrx_word' id='word_1_263' title='bbox 341 2855 512 2917; x_wconf 86' lang='lat' dir='ltr'><strong>divisionem</strong></span> <span class='ocrx_word' id='word_1_264' title='bbox 544 2873 609 2916; x_wconf 90' lang='lat' dir='ltr'><strong>raro</strong></span> <span class='ocrx_word' id='word_1_265' title='bbox 638 2855 763 2935; x_wconf 78' lang='lat' dir='ltr'><strong>neglexit</strong></span> <span class='ocrx_word' id='word_1_266' title='bbox 791 2864 821 2916; x_wconf 87' lang='lat' dir='ltr'><strong>et</strong></span> <span class='ocrx_word' id='word_1_267' title='bbox 847 2853 925 2933; x_wconf 92' lang='lat' dir='ltr'><strong>quod</strong></span> <span class='ocrx_word' id='word_1_268' title='bbox 954 2853 1115 2915; x_wconf 90' lang='lat' dir='ltr'><strong>maximum</strong></span> <span class='ocrx_word' id='word_1_269' title='bbox 1138 2860 1196 2925; x_wconf 90' lang='lat' dir='ltr'><strong>est,</strong></span> <span class='ocrx_word' id='word_1_270' title='bbox 1225 2851 1304 2913; x_wconf 94' lang='lat' dir='ltr'><strong>nullo</strong></span> <span class='ocrx_word' id='word_1_271' title='bbox 1326 2852 1390 2915; x_wconf 91' lang='lat' dir='ltr'><strong>loco</strong></span> <span class='ocrx_word' id='word_1_272' title='bbox 1412 2856 1615 2937; x_wconf 88' lang='lat' dir='ltr'><strong>supplementa</strong></span> <span class='ocrx_word' id='word_1_273' title='bbox 1636 2857 1691 2918; x_wconf 92' lang='lat' dir='ltr'><strong>ob·</strong></span> 
     </span>
     <span class='ocr_line' id='line_1_25' title="bbox 342 2956 1689 3039; baseline -0.001 -17"><span class='ocrx_word' id='word_1_274' title='bbox 342 2959 446 3033; x_wconf 87' lang='lat' dir='ltr'><strong>trusit,</strong></span> <span class='ocrx_word' id='word_1_275' title='bbox 480 2960 530 3021; x_wconf 89' lang='lat' dir='ltr'><strong>sed</strong></span> <span class='ocrx_word' id='word_1_276' title='bbox 562 2978 638 3039; x_wconf 91' lang='lat' dir='ltr'><strong>quos</strong></span> <span class='ocrx_word' id='word_1_277' title='bbox 667 2958 723 3020; x_wconf 92' lang='lat' dir='ltr'><strong>sibi</strong></span> <span class='ocrx_word' id='word_1_278' title='bbox 753 2959 831 3019; x_wconf 89' lang='lat' dir='ltr'><strong>risus</strong></span> <span class='ocrx_word' id='word_1_279' title='bbox 859 2965 905 3018; x_wconf 90' lang='lat' dir='ltr'><strong>est</strong></span> <span class='ocrx_word' id='word_1_280' title='bbox 931 2956 1026 3018; x_wconf 86' lang='lat' dir='ltr'><strong>videre</strong></span> <span class='ocrx_word' id='word_1_281' title='bbox 1055 2956 1160 3018; x_wconf 90' lang='lat' dir='ltr'><strong>ductus</strong></span> <span class='ocrx_word' id='word_1_282' title='bbox 1188 2973 1238 3017; x_wconf 87' lang='lat' dir='ltr'><strong>eos</strong></span> <span class='ocrx_word' id='word_1_283' title='bbox 1267 2956 1343 3018; x_wconf 93' lang='lat' dir='ltr'><strong>bona</strong></span> <span class='ocrx_word' id='word_1_284' title='bbox 1370 2957 1426 3019; x_wconf 90' lang='lat' dir='ltr'><strong>lide</strong></span> <span class='ocrx_word' id='word_1_285' title='bbox 1453 2959 1689 3038; x_wconf 86' lang='lat' dir='ltr'><strong>repraesentavit.</strong></span> 
     </span>
     <span class='ocr_line' id='line_1_26' title="bbox 341 3060 1691 3141; baseline 0.002 -19"><span class='ocrx_word' id='word_1_286' title='bbox 341 3062 418 3136; x_wconf 85' lang='lat' dir='ltr'><strong>Quid</strong></span> <span class='ocrx_word' id='word_1_287' title='bbox 445 3064 524 3141; x_wconf 91' lang='lat' dir='ltr'><strong>quod</strong></span> <span class='ocrx_word' id='word_1_288' title='bbox 552 3062 640 3123; x_wconf 89' lang='lat' dir='ltr'><strong>etiam</strong></span> <span class='ocrx_word' id='word_1_289' title='bbox 666 3062 830 3124; x_wconf 89' lang='lat' dir='ltr'><strong>litterarum</strong></span> <span class='ocrx_word' id='word_1_290' title='bbox 858 3061 1072 3141; x_wconf 88' lang='lat' dir='ltr'><strong>deperditarum</strong></span> <span class='ocrx_word' id='word_1_291' title='bbox 1102 3078 1259 3121; x_wconf 89' lang='lat' dir='ltr'><strong>numerum</strong></span> <span class='ocrx_word' id='word_1_292' title='bbox 1286 3060 1404 3140; x_wconf 91' lang='lat' dir='ltr'><strong>punctis</strong></span> <span class='ocrx_word' id='word_1_293' title='bbox 1430 3061 1533 3141; x_wconf 90' lang='lat' dir='ltr'><strong>positis</strong></span> <span class='ocrx_word' id='word_1_294' title='bbox 1558 3072 1691 3125; x_wconf 90' lang='lat' dir='ltr'><strong>accurate</strong></span> 
     </span>
     <span class='ocr_line' id='line_1_27' title="bbox 342 3162 1691 3246; baseline 0.001 -20"><span class='ocrx_word' id='word_1_295' title='bbox 342 3166 514 3246; x_wconf 88' lang='lat' dir='ltr'><strong>plerumque</strong></span> <span class='ocrx_word' id='word_1_296' title='bbox 547 3165 693 3227; x_wconf 86' lang='lat' dir='ltr'><strong>indicarit.</strong></span> <span class='ocrx_word' id='word_1_297' title='bbox 743 3165 839 3238; x_wconf 83' lang='lat' dir='ltr'><strong>Quare</strong></span> <span class='ocrx_word' id='word_1_298' title='bbox 866 3164 916 3225; x_wconf 91' lang='lat' dir='ltr'><strong>ubi</strong></span> <span class='ocrx_word' id='word_1_299' title='bbox 946 3163 1058 3243; x_wconf 91' lang='lat' dir='ltr'><strong>antiqui</strong></span> <span class='ocrx_word' id='word_1_300' title='bbox 1079 3162 1223 3224; x_wconf 89' lang='lat' dir='ltr'><strong>excitandi</strong></span> <span class='ocrx_word' id='word_1_301' title='bbox 1246 3171 1329 3237; x_wconf 91' lang='lat' dir='ltr'><strong>sunt,</strong></span> <span class='ocrx_word' id='word_1_302' title='bbox 1359 3165 1542 3228; x_wconf 90' lang='lat' dir='ltr'><strong>redeundum</strong></span> <span class='ocrx_word' id='word_1_303' title='bbox 1565 3177 1611 3229; x_wconf 90' lang='lat' dir='ltr'><strong>est</strong></span> <span class='ocrx_word' id='word_1_304' title='bbox 1631 3170 1691 3228; x_wconf 88' lang='lat' dir='ltr'><strong>iere</strong></span> 
     </span>
     <span class='ocr_line' id='line_1_28' title="bbox 342 3268 519 3330; baseline -0.011 0"><span class='ocrx_word' id='word_1_305' title='bbox 342 3269 377 3330; x_wconf 90' lang='lat' dir='ltr'><strong>ad</strong></span> <span class='ocrx_word' id='word_1_306' title='bbox 400 3268 519 3330; x_wconf 82' lang='lat' dir='ltr'><strong>bucam.</strong></span> 
     </span>
    </p>

    <p class='ocr_par' dir='ltr' id='par_1_6' title="bbox 343 3369 1692 3642">
     <span class='ocr_line' id='line_1_29' title="bbox 448 3369 1690 3452; baseline 0.002 -20"><span class='ocrx_word' id='word_1_307' title='bbox 448 3371 585 3452; x_wconf 88' lang='lat' dir='ltr'><strong>Exempla</strong></span> <span class='ocrx_word' id='word_1_308' title='bbox 608 3370 680 3432; x_wconf 91' lang='lat' dir='ltr'><strong>baec</strong></span> <span class='ocrx_word' id='word_1_309' title='bbox 701 3369 865 3450; x_wconf 89' lang='lat' dir='ltr'><strong>antiquiora</strong></span> <span class='ocrx_word' id='word_1_310' title='bbox 889 3371 969 3444; x_wconf 84' lang='lat' dir='ltr'><strong>(nam</strong></span> <span class='ocrx_word' id='word_1_311' title='bbox 992 3378 1060 3449; x_wconf 91' lang='lat' dir='ltr'><strong>post</strong></span> <span class='ocrx_word' id='word_1_312' title='bbox 1075 3369 1182 3431; x_wconf 91' lang='lat' dir='ltr'><strong>Lucam</strong></span> <span class='ocrx_word' id='word_1_313' title='bbox 1206 3381 1324 3450; x_wconf 89' lang='lat' dir='ltr'><strong>excepta</strong></span> <span class='ocrx_word' id='word_1_314' title='bbox 1348 3370 1446 3432; x_wconf 90' lang='lat' dir='ltr'><strong>omnia</strong></span> <span class='ocrx_word' id='word_1_315' title='bbox 1468 3371 1504 3434; x_wconf 91' lang='lat' dir='ltr'><strong>ad</strong></span> <span class='ocrx_word' id='word_1_316' title='bbox 1520 3374 1690 3435; x_wconf 83' lang='lat' dir='ltr'><strong>universum</strong></span> 
     </span>
     <span class='ocr_line' id='line_1_30' title="bbox 344 3473 1692 3556; baseline 0 -18"><span class='ocrx_word' id='word_1_317' title='bbox 344 3483 570 3538; x_wconf 90' lang='lat' dir='ltr'><strong>monumentum</strong></span> <span class='ocrx_word' id='word_1_318' title='bbox 593 3473 779 3554; x_wconf 83' lang='lat' dir='ltr'><strong>perveniunt)</strong></span> <span class='ocrx_word' id='word_1_319' title='bbox 801 3493 874 3555; x_wconf 87' lang='lat' dir='ltr'><strong>quas</strong></span> <span class='ocrx_word' id='word_1_320' title='bbox 897 3473 1081 3536; x_wconf 88' lang='lat' dir='ltr'><strong>monumenti</strong></span> <span class='ocrx_word' id='word_1_321' title='bbox 1104 3481 1201 3554; x_wconf 86' lang='lat' dir='ltr'><strong>partes</strong></span> <span class='ocrx_word' id='word_1_322' title='bbox 1223 3474 1465 3556; x_wconf 87' lang='lat' dir='ltr'><strong>complectantur,</strong></span> <span class='ocrx_word' id='word_1_323' title='bbox 1487 3475 1638 3556; x_wconf 90' lang='lat' dir='ltr'><strong>apparebit</strong></span> <span class='ocrx_word' id='word_1_324' title='bbox 1657 3497 1692 3538; x_wconf 88' lang='lat' dir='ltr'><strong>ex</strong></span> 
     </span>
     <span class='ocr_line' id='line_1_31' title="bbox 343 3576 650 3642; baseline -0.013 0"><span class='ocrx_word' id='word_1_325' title='bbox 343 3579 483 3642; x_wconf 87' lang='lat' dir='ltr'><strong>laterculo</strong></span> <span class='ocrx_word' id='word_1_326' title='bbox 505 3576 650 3640; x_wconf 89' lang='lat' dir='ltr'><strong>subiecto:</strong></span> 
     </span>
    </p>
   </div>
   <div class='ocr_carea' id='block_1_6' title="bbox 478 3782 1529 3888">
    <p class='ocr_par' dir='ltr' id='par_1_7' title="bbox 478 3782 1529 3888">
     <span class='ocr_line' id='line_1_32' title="bbox 666 3782 1529 3888; baseline 0 -62"><span class='ocrx_word' id='word_1_327' title='bbox 666 3782 830 3840; x_wconf 76' lang='lat' dir='ltr'><strong>Busbequiani</strong></span> <span class='ocrx_word' id='word_1_328' title='bbox 909 3786 913 3888; x_wconf 78' lang='grc' dir='ltr'>Ι</span> <span class='ocrx_word' id='word_1_329' title='bbox 1001 3783 1095 3828; x_wconf 76' lang='lat' dir='ltr'><strong>Cnoson</strong></span> <span class='ocrx_word' id='word_1_330' title='bbox 1222 3782 1371 3828; x_wconf 81' lang='lat' dir='ltr'><strong>Tournatort</strong></span> <span class='ocrx_word' id='word_1_331' title='bbox 1451 3782 1529 3826; x_wconf 73' lang='lat' dir='ltr'><strong>Lucas</strong></span> 
     </span>
     <span class='ocr_line' id='line_1_33' title="bbox 478 3837 1517 3884; baseline -0.003 -2"><span class='ocrx_word' id='word_1_332' title='bbox 478 3837 572 3884; x_wconf 80' lang='lat' dir='ltr'><strong>Tabula</strong></span> <span class='ocrx_word' id='word_1_333' title='bbox 721 3839 779 3882; x_wconf 80' lang='lat' dir='ltr'><strong>tato.</strong></span> <span class='ocrx_word' id='word_1_334' title='bbox 970 3841 1025 3882; x_wconf 83' lang='lat' dir='ltr'><strong>autc</strong></span> <span class='ocrx_word' id='word_1_335' title='bbox 1040 3849 1060 3880; x_wconf 86' lang='lat' dir='ltr'><strong>o.</strong></span> <span class='ocrx_word' id='word_1_336' title='bbox 1077 3837 1127 3881; x_wconf 76' lang='lat' dir='ltr'><strong>ttae</strong></span> <span class='ocrx_word' id='word_1_337' title='bbox 1266 3839 1325 3881; x_wconf 79' lang='grc'>1101.</span> <span class='ocrx_word' id='word_1_338' title='bbox 1466 3839 1517 3880; x_wconf 77' lang='grc'>1705</span> 
     </span>
    </p>
   </div>
   <div class='ocr_carea' id='block_1_7' title="bbox 509 3891 1530 4582">
    <p class='ocr_par' dir='ltr' id='par_1_8' title="bbox 509 3891 1530 4582">
     <span class='ocr_line' id='line_1_34' title="bbox 534 3891 1530 4025; baseline -0.004 -25"><span class='ocrx_word' id='word_1_339' title='bbox 534 3949 545 4000; x_wconf 92' lang='lat' dir='ltr'><strong>l</strong></span> <span class='ocrx_word' id='word_1_340' title='bbox 602 4017 606 4025; x_wconf 35' lang='grc' dir='ltr'>Ι</span> <span class='ocrx_word' id='word_1_341' title='bbox 720 3948 784 3998; x_wconf 82' lang='grc'><strong>1-4</strong></span> <span class='ocrx_word' id='word_1_342' title='bbox 909 3891 913 3982; x_wconf 61' lang='lat'><strong>⁴</strong></span> <span class='ocrx_word' id='word_1_343' title='bbox 1008 3947 1089 3998; x_wconf 81' lang='lat'>1-27</span> <span class='ocrx_word' id='word_1_344' title='bbox 1451 3946 1530 3998; x_wconf 83' lang='lat'>1—31</span> 
     </span>
     <span class='ocr_line' id='line_1_35' title="bbox 524 4066 1512 4123; baseline -0.002 -1"><span class='ocrx_word' id='word_1_345' title='bbox 524 4072 544 4122; x_wconf 89' lang='lat' dir='ltr'><strong>ll</strong></span> <span class='ocrx_word' id='word_1_346' title='bbox 714 4069 795 4122; x_wconf 80' lang='lat'>1—14</span> <span class='ocrx_word' id='word_1_347' title='bbox 1007 4070 1088 4123; x_wconf 85' lang='lat' dir='ltr'><strong>1-ta</strong></span> <span class='ocrx_word' id='word_1_348' title='bbox 1212 4067 1262 4118; x_wconf 82' lang='lat' dir='ltr'><strong>adi.</strong></span> <span class='ocrx_word' id='word_1_349' title='bbox 1283 4066 1383 4118; x_wconf 79' lang='lat'><strong>21-32</strong></span> <span class='ocrx_word' id='word_1_350' title='bbox 1468 4070 1512 4120; x_wconf 88' lang='lat' dir='ltr'><strong>int.</strong></span> 
     </span>
     <span class='ocr_line' id='line_1_36' title="bbox 512 4187 1513 4240; baseline -0.004 0"><span class='ocrx_word' id='word_1_351' title='bbox 512 4188 543 4240; x_wconf 94' lang='lat' dir='ltr'><strong>lll</strong></span> <span class='ocrx_word' id='word_1_352' title='bbox 725 4187 772 4238; x_wconf 88' lang='lat' dir='ltr'><strong>iot.</strong></span> <span class='ocrx_word' id='word_1_353' title='bbox 1026 4188 1073 4238; x_wconf 87' lang='lat' dir='ltr'><strong>int.</strong></span> <span class='ocrx_word' id='word_1_354' title='bbox 1467 4187 1513 4238; x_wconf 93' lang='lat' dir='ltr'><strong>int.</strong></span> 
     </span>
     <span class='ocr_line' id='line_1_37' title="bbox 511 4299 1513 4354; baseline -0.001 -2"><span class='ocrx_word' id='word_1_355' title='bbox 511 4301 543 4352; x_wconf 93' lang='lat' dir='ltr'><strong>lV</strong></span> <span class='ocrx_word' id='word_1_356' title='bbox 612 4303 703 4354; x_wconf 87' lang='grc'>1-30.</span> <span class='ocrx_word' id='word_1_357' title='bbox 722 4302 763 4352; x_wconf 82' lang='grc'><strong>38.</strong></span> <span class='ocrx_word' id='word_1_358' title='bbox 781 4301 884 4352; x_wconf 78' lang='lat' dir='ltr'><strong>tlt-at</strong></span> <span class='ocrx_word' id='word_1_359' title='bbox 935 4299 1026 4353; x_wconf 79' lang='grc'>1-30.</span> <span class='ocrx_word' id='word_1_360' title='bbox 1062 4301 1164 4353; x_wconf 82' lang='grc'>10-51</span> <span class='ocrx_word' id='word_1_361' title='bbox 1466 4302 1513 4353; x_wconf 90' lang='lat' dir='ltr'><strong>int.</strong></span> 
     </span>
     <span class='ocr_line' id='line_1_38' title="bbox 519 4411 1511 4467; baseline -0.001 -1"><span class='ocrx_word' id='word_1_362' title='bbox 519 4413 543 4466; x_wconf 94' lang='lat' dir='ltr'>V</span> <span class='ocrx_word' id='word_1_363' title='bbox 719 4416 783 4467; x_wconf 88' lang='lat' dir='ltr'><strong>l-3</strong></span> <span class='ocrx_word' id='word_1_364' title='bbox 997 4413 1098 4463; x_wconf 75' lang='lat'>29-47</span> <span class='ocrx_word' id='word_1_365' title='bbox 1213 4411 1263 4462; x_wconf 87' lang='lat' dir='ltr'><strong>edi.</strong></span> <span class='ocrx_word' id='word_1_366' title='bbox 1283 4413 1384 4463; x_wconf 79' lang='grc'>50-51</span> <span class='ocrx_word' id='word_1_367' title='bbox 1465 4417 1511 4465; x_wconf 91' lang='lat' dir='ltr'><strong>int.</strong></span> 
     </span>
     <span class='ocr_line' id='line_1_39' title="bbox 509 4525 1512 4582; baseline -0.001 -4"><span class='ocrx_word' id='word_1_368' title='bbox 509 4525 543 4578; x_wconf 86' lang='lat' dir='ltr'><strong>Vl</strong></span> <span class='ocrx_word' id='word_1_369' title='bbox 692 4528 756 4582; x_wconf 84' lang='lat'><strong>1.9.</strong></span> <span class='ocrx_word' id='word_1_370' title='bbox 777 4528 806 4581; x_wconf 86' lang='grc'><strong>13</strong></span> <span class='ocrx_word' id='word_1_371' title='bbox 1035 4553 1068 4563; x_wconf 94' lang='lat'><em>-</em></span> <span class='ocrx_word' id='word_1_372' title='bbox 1466 4527 1512 4578; x_wconf 84' lang='lat' dir='ltr'><strong>int.</strong></span> 
     </span>
    </p>
   </div>
   <div class='ocr_carea' id='block_1_8' title="bbox 0 0 1859 5430">
    <p class='ocr_par' dir='ltr' id='par_1_9' title="bbox 0 0 1859 5430">
     <span class='ocr_line' id='line_1_40' title="bbox 0 0 1859 5430; baseline 0 0"><span class='ocrx_word' id='word_1_373' title='bbox 0 0 1859 5430; x_wconf 95' lang='lat' dir='ltr'><strong> </strong></span> 
     </span>
    </p>
   </div>
  </div>
 </body>
</html>
